<?xml version="1.0" encoding="UTF-8"?>
<!DOCTYPE html PUBLIC "-//W3C//DTD XHTML 1.0 Transitional//EN"
    "http://www.w3.org/TR/xhtml1/DTD/xhtml1-transitional.dtd">
<html xmlns="http://www.w3.org/1999/xhtml" xml:lang="en" lang="en">
 <head>
  <title>
</title>
<meta http-equiv="Content-Type" content="text/html;charset=utf-8" />
  <meta name='ocr-system' content='tesseract 3.04.00' />
  <meta name='ocr-capabilities' content='ocr_page ocr_carea ocr_par ocr_line ocrx_word'/>
</head>
<body>
  <div class='ocr_page' id='page_1' title='image "./cartulariumsaxo00bircgoog_0071.png"; bbox 0 0 3684 5310; ppageno 0'>
   <div class='ocr_carea' id='block_1_1' title="bbox 152 277 1355 372">
    <p class='ocr_par' dir='ltr' id='par_1_1' title="bbox 152 277 1355 372">
     <span class='ocr_line' id='line_1_1' title="bbox 152 277 1355 372; baseline 0.003 -18"><span class='ocrx_word' id='word_1_1' title='bbox 152 302 215 354; x_wconf 77' lang='lat' dir='ltr'><strong>an.</strong></span> <span class='ocrx_word' id='word_1_2' title='bbox 229 287 321 372; x_wconf 67' lang='lat'><strong>948]</strong></span> <span class='ocrx_word' id='word_1_3' title='bbox 504 303 616 353; x_wconf 81' lang='lat' dir='ltr'><strong>mann</strong></span> <span class='ocrx_word' id='word_1_4' title='bbox 636 277 680 354; x_wconf 81' lang='lat' dir='ltr'><strong>ro</strong></span> <span class='ocrx_word' id='word_1_5' title='bbox 701 304 880 355; x_wconf 70' lang='lat' dir='ltr'><strong>enorme</strong></span> <span class='ocrx_word' id='word_1_6' title='bbox 900 307 1016 358; x_wconf 73' lang='lat' dir='ltr'><strong>aannr.</strong></span> <span class='ocrx_word' id='word_1_7' title='bbox 1104 342 1108 349; x_wconf 93' lang='lat'>.</span> <span class='ocrx_word' id='word_1_8' title='bbox 1313 292 1355 358; x_wconf 83' lang='lat'><strong>21</strong></span> 
     </span>
    </p>
   </div>
   <div class='ocr_carea' id='block_1_2' title="bbox 2 459 1401 851">
    <p class='ocr_par' dir='ltr' id='par_1_2' title="bbox 2 459 1401 759">
     <span class='ocr_line' id='line_1_2' title="bbox 10 459 1358 549; baseline 0.002 -21"><span class='ocrx_word' id='word_1_9' title='bbox 10 512 15 539; x_wconf 81' lang='grc'>,</span> <span class='ocrx_word' id='word_1_10' title='bbox 146 463 239 528; x_wconf 85' lang='lat' dir='ltr'><strong>Neue</strong></span> <span class='ocrx_word' id='word_1_11' title='bbox 268 459 355 525; x_wconf 82' lang='lat' dir='ltr'><strong>sieut</strong></span> <span class='ocrx_word' id='word_1_12' title='bbox 384 460 488 525; x_wconf 87' lang='lat' dir='ltr'><strong>currit</strong></span> <span class='ocrx_word' id='word_1_13' title='bbox 515 461 561 527; x_wconf 86' lang='lat' dir='ltr'><strong>ad</strong></span> <span class='ocrx_word' id='word_1_14' title='bbox 588 462 816 546; x_wconf 84' lang='lat' dir='ltr'><strong>supradictum</strong></span> <span class='ocrx_word' id='word_1_15' title='bbox 851 470 987 549; x_wconf 88' lang='lat' dir='ltr'><strong>pontem</strong></span> <span class='ocrx_word' id='word_1_16' title='bbox 1017 465 1059 531; x_wconf 88' lang='lat' dir='ltr'><strong>de</strong></span> <span class='ocrx_word' id='word_1_17' title='bbox 1088 463 1255 549; x_wconf 74' lang='lat' dir='ltr'><strong>(lroyland</strong></span> <span class='ocrx_word' id='word_1_18' title='bbox 1282 484 1358 531; x_wconf 86' lang='lat' dir='ltr'><strong>eum</strong></span> 
     </span>
     <span class='ocr_line' id='line_1_3' title="bbox 3 544 1401 647; baseline 0.001 -20"><span class='ocrx_word' id='word_1_19' title='bbox 3 544 11 635; x_wconf 74' lang='lat' dir='ltr'><strong>i</strong></span> <span class='ocrx_word' id='word_1_20' title='bbox 148 558 284 644; x_wconf 85' lang='lat' dir='ltr'><strong>seperali</strong></span> <span class='ocrx_word' id='word_1_21' title='bbox 298 558 835 647; x_wconf 74' lang='lat' dir='ltr'><strong>piscariamminaquisemnibue</strong></span> <span class='ocrx_word' id='word_1_22' title='bbox 850 562 1358 630; x_wconf 79' lang='lat' dir='ltr'><strong>aunbientibusdietaminsulam</strong></span> <span class='ocrx_word' id='word_1_23' title='bbox 1398 590 1401 596; x_wconf 93' lang='lat'>·</span> 
     </span>
     <span class='ocr_line' id='line_1_4' title="bbox 2 661 1360 759; baseline 0.006 -34"><span class='ocrx_word' id='word_1_24' title='bbox 2 708 7 759; x_wconf 39' lang='grc' dir='ltr'><strong>ί</strong></span> <span class='ocrx_word' id='word_1_25' title='bbox 147 683 247 749; x_wconf 84' lang='lat' dir='ltr'><strong>quem</strong></span> <span class='ocrx_word' id='word_1_26' title='bbox 260 661 297 725; x_wconf 91' lang='lat' dir='ltr'><strong>in</strong></span> <span class='ocrx_word' id='word_1_27' title='bbox 311 662 437 747; x_wconf 80' lang='lat' dir='ltr'><strong>stagnis</strong></span> <span class='ocrx_word' id='word_1_28' title='bbox 446 670 479 726; x_wconf 90' lang='lat' dir='ltr'><strong>et</strong></span> <span class='ocrx_word' id='word_1_29' title='bbox 490 663 763 747; x_wconf 84' lang='lat' dir='ltr'><strong>paludibusialm</strong></span> <span class='ocrx_word' id='word_1_30' title='bbox 777 665 880 731; x_wconf 86' lang='lat' dir='ltr'><strong>situm</strong></span> <span class='ocrx_word' id='word_1_31' title='bbox 893 666 1028 733; x_wconf 81' lang='lat' dir='ltr'>inclusis</span> <span class='ocrx_word' id='word_1_32' title='bbox 1044 688 1110 733; x_wconf 83' lang='lat' dir='ltr'><strong>uuo</strong></span> <span class='ocrx_word' id='word_1_33' title='bbox 1123 688 1200 731; x_wconf 89' lang='lat' dir='ltr'><strong>eum</strong></span> <span class='ocrx_word' id='word_1_34' title='bbox 1214 667 1360 733; x_wconf 83' lang='lat' dir='ltr'><strong>mariseia</strong></span> 
     </span>
    </p>

    <p class='ocr_par' dir='ltr' id='par_1_3' title="bbox 4 760 1360 851">
     <span class='ocr_line' id='line_1_5' title="bbox 4 760 1360 851; baseline 0.004 -25"><span class='ocrx_word' id='word_1_35' title='bbox 4 780 9 797; x_wconf 86' lang='lat'><strong>·</strong></span> <span class='ocrx_word' id='word_1_36' title='bbox 148 768 183 827; x_wconf 88' lang='lat' dir='ltr'><strong>et</strong></span> <span class='ocrx_word' id='word_1_37' title='bbox 210 760 330 825; x_wconf 75' lang='lat' dir='ltr'><strong>adnetis</strong></span> <span class='ocrx_word' id='word_1_38' title='bbox 355 761 585 844; x_wconf 81' lang='lat' dir='ltr'><strong>adjacentibus</strong></span> <span class='ocrx_word' id='word_1_39' title='bbox 608 784 723 827; x_wconf 71' lang='lat' dir='ltr'><strong>versus</strong></span> <span class='ocrx_word' id='word_1_40' title='bbox 745 764 947 831; x_wconf 80' lang='lat' dir='ltr'><strong>occidentem</strong></span> <span class='ocrx_word' id='word_1_41' title='bbox 971 786 1013 831; x_wconf 80' lang='lat' dir='ltr'><strong>ex</strong></span> <span class='ocrx_word' id='word_1_42' title='bbox 1042 767 1190 851; x_wconf 84' lang='lat' dir='ltr'><strong>opposito</strong></span> <span class='ocrx_word' id='word_1_43' title='bbox 1213 766 1360 849; x_wconf 88' lang='lat' dir='ltr'><strong>ejusdem</strong></span> 
     </span>
    </p>
   </div>
   <div class='ocr_carea' id='block_1_3' title="bbox 5 852 1467 4632">
    <p class='ocr_par' dir='ltr' id='par_1_4' title="bbox 148 852 1413 1147">
     <span class='ocr_line' id='line_1_6' title="bbox 148 852 1413 950; baseline 0.003 -25"><span class='ocrx_word' id='word_1_44' title='bbox 148 860 263 925; x_wconf 72' lang='lat' dir='ltr'><strong>insulto</strong></span> <span class='ocrx_word' id='word_1_45' title='bbox 276 860 313 923; x_wconf 93' lang='lat' dir='ltr'><strong>in</strong></span> <span class='ocrx_word' id='word_1_46' title='bbox 328 860 482 925; x_wconf 87' lang='lat' dir='ltr'><strong>omuibus</strong></span> <span class='ocrx_word' id='word_1_47' title='bbox 496 860 677 925; x_wconf 74' lang='lat' dir='ltr'><strong>Iirroolnire</strong></span> <span class='ocrx_word' id='word_1_48' title='bbox 691 862 863 927; x_wconf 81' lang='lat' dir='ltr'><strong>comitatui</strong></span> <span class='ocrx_word' id='word_1_49' title='bbox 877 865 1013 930; x_wconf 65' lang='lat' dir='ltr'><strong>annexis</strong></span> <span class='ocrx_word' id='word_1_50' title='bbox 1028 872 1062 931; x_wconf 88' lang='lat' dir='ltr'><strong>et</strong></span> <span class='ocrx_word' id='word_1_51' title='bbox 1071 864 1362 950; x_wconf 79' lang='lat' dir='ltr'>respondentibus,</span> <span class='ocrx_word' id='word_1_52' title='bbox 1410 852 1413 857; x_wconf 37' lang='lat'><strong>⁴</strong></span> 
     </span>
     <span class='ocr_line' id='line_1_7' title="bbox 148 958 1394 1045; baseline 0.001 -19"><span class='ocrx_word' id='word_1_53' title='bbox 148 967 182 1027; x_wconf 87' lang='lat' dir='ltr'><strong>et</strong></span> <span class='ocrx_word' id='word_1_54' title='bbox 195 981 253 1045; x_wconf 89' lang='lat' dir='ltr'><strong>per</strong></span> <span class='ocrx_word' id='word_1_55' title='bbox 265 960 326 1024; x_wconf 86' lang='lat' dir='ltr'><strong>bos</strong></span> <span class='ocrx_word' id='word_1_56' title='bbox 349 958 472 1024; x_wconf 78' lang='lat' dir='ltr'><strong>limites</strong></span> <span class='ocrx_word' id='word_1_57' title='bbox 494 960 531 1023; x_wconf 92' lang='lat' dir='ltr'><strong>in</strong></span> <span class='ocrx_word' id='word_1_58' title='bbox 552 960 644 1025; x_wconf 88' lang='lat' dir='ltr'><strong>hune</strong></span> <span class='ocrx_word' id='word_1_59' title='bbox 664 961 801 1026; x_wconf 86' lang='lat' dir='ltr'><strong>modum</strong></span> <span class='ocrx_word' id='word_1_60' title='bbox 821 961 1047 1030; x_wconf 77' lang='lat' dir='ltr'><strong>determinatis</strong></span> <span class='ocrx_word' id='word_1_61' title='bbox 1061 1014 1070 1042; x_wconf 88' lang='lat'><em>,</em></span> <span class='ocrx_word' id='word_1_62' title='bbox 1084 962 1237 1029; x_wconf 81' lang='lat' dir='ltr'><strong>videlieet</strong></span> <span class='ocrx_word' id='word_1_63' title='bbox 1259 963 1362 1028; x_wconf 85' lang='lat' dir='ltr'><strong>aNa·</strong></span> <span class='ocrx_word' id='word_1_64' title='bbox 1389 966 1394 977; x_wconf 87' lang='lat'>&#39;</span> 
     </span>
     <span class='ocr_line' id='line_1_8' title="bbox 149 1056 1362 1147; baseline 0.002 -22"><span class='ocrx_word' id='word_1_65' title='bbox 149 1056 413 1125; x_wconf 88' lang='lat' dir='ltr'><strong>mandlausbirne</strong></span> <span class='ocrx_word' id='word_1_66' title='bbox 428 1079 487 1142; x_wconf 88' lang='lat' dir='ltr'><strong>per</strong></span> <span class='ocrx_word' id='word_1_67' title='bbox 511 1080 633 1142; x_wconf 84' lang='lat' dir='ltr'><strong>aquam</strong></span> <span class='ocrx_word' id='word_1_68' title='bbox 658 1059 700 1125; x_wconf 90' lang='lat' dir='ltr'><strong>de</strong></span> <span class='ocrx_word' id='word_1_69' title='bbox 724 1060 820 1125; x_wconf 81' lang='lat' dir='ltr'><strong>Neue</strong></span> <span class='ocrx_word' id='word_1_70' title='bbox 843 1081 956 1126; x_wconf 88' lang='lat' dir='ltr'><strong>versus</strong></span> <span class='ocrx_word' id='word_1_71' title='bbox 977 1063 1178 1128; x_wconf 88' lang='lat' dir='ltr'><strong>ooeidentem</strong></span> <span class='ocrx_word' id='word_1_72' title='bbox 1199 1083 1305 1147; x_wconf 78' lang='lat' dir='ltr'><strong>usque</strong></span> <span class='ocrx_word' id='word_1_73' title='bbox 1319 1061 1362 1127; x_wconf 88' lang='lat' dir='ltr'><strong>ad</strong></span> 
     </span>
    </p>

    <p class='ocr_par' dir='ltr' id='par_1_5' title="bbox 5 1148 1467 1251">
     <span class='ocr_line' id='line_1_9' title="bbox 5 1148 1467 1251; baseline 0 -24"><span class='ocrx_word' id='word_1_74' title='bbox 5 1159 21 1251; x_wconf 58' lang='lat' dir='ltr'><strong>p</strong></span> <span class='ocrx_word' id='word_1_75' title='bbox 42 1168 45 1174; x_wconf 56' lang='lat'><em>⁴</em></span> <span class='ocrx_word' id='word_1_76' title='bbox 104 1180 110 1191; x_wconf 79' lang='grc'><em>“</em></span> <span class='ocrx_word' id='word_1_77' title='bbox 150 1164 248 1227; x_wconf 87' lang='lat' dir='ltr'><strong>finem</strong></span> <span class='ocrx_word' id='word_1_78' title='bbox 262 1160 387 1223; x_wconf 83' lang='lat' dir='ltr'><strong>factum</strong></span> <span class='ocrx_word' id='word_1_79' title='bbox 403 1159 462 1222; x_wconf 92' lang='lat' dir='ltr'><strong>ubi</strong></span> <span class='ocrx_word' id='word_1_80' title='bbox 474 1180 558 1223; x_wconf 83' lang='lat' dir='ltr'><strong>cmx</strong></span> <span class='ocrx_word' id='word_1_81' title='bbox 575 1159 707 1243; x_wconf 88' lang='lat' dir='ltr'><strong>lapidea</strong></span> <span class='ocrx_word' id='word_1_82' title='bbox 720 1160 829 1225; x_wconf 81' lang='lat' dir='ltr'><strong>defixa</strong></span> <span class='ocrx_word' id='word_1_83' title='bbox 850 1169 901 1225; x_wconf 87' lang='lat' dir='ltr'><strong>est</strong></span> <span class='ocrx_word' id='word_1_84' title='bbox 922 1160 1020 1245; x_wconf 78' lang='lat' dir='ltr'><strong>juxta</strong></span> <span class='ocrx_word' id='word_1_85' title='bbox 1040 1163 1205 1247; x_wconf 86' lang='lat' dir='ltr'><strong>ripum,et</strong></span> <span class='ocrx_word' id='word_1_86' title='bbox 1225 1161 1361 1228; x_wconf 89' lang='lat' dir='ltr'><strong>abinde</strong></span> <span class='ocrx_word' id='word_1_87' title='bbox 1464 1148 1467 1153; x_wconf 34' lang='lat'>⁵</span> 
     </span>
    </p>

    <p class='ocr_par' dir='ltr' id='par_1_6' title="bbox 6 1256 1362 1344">
     <span class='ocr_line' id='line_1_10' title="bbox 6 1256 1362 1344; baseline 0 -20"><span class='ocrx_word' id='word_1_88' title='bbox 6 1258 10 1281; x_wconf 91' lang='lat'>&#39;</span> <span class='ocrx_word' id='word_1_89' title='bbox 150 1278 252 1342; x_wconf 86' lang='lat' dir='ltr'><strong>usque</strong></span> <span class='ocrx_word' id='word_1_90' title='bbox 266 1256 310 1320; x_wconf 88' lang='lat' dir='ltr'><strong>ad</strong></span> <span class='ocrx_word' id='word_1_91' title='bbox 324 1256 438 1322; x_wconf 83' lang='lat' dir='ltr'><strong>Grinis</strong></span> <span class='ocrx_word' id='word_1_92' title='bbox 453 1308 462 1334; x_wconf 89' lang='lat'><em>,</em></span> <span class='ocrx_word' id='word_1_93' title='bbox 475 1265 510 1322; x_wconf 91' lang='lat' dir='ltr'><strong>et</strong></span> <span class='ocrx_word' id='word_1_94' title='bbox 524 1257 573 1321; x_wconf 83' lang='lat' dir='ltr'><strong>sie</strong></span> <span class='ocrx_word' id='word_1_95' title='bbox 586 1258 750 1344; x_wconf 83' lang='lat' dir='ltr'><strong>usquead</strong></span> <span class='ocrx_word' id='word_1_96' title='bbox 772 1257 908 1322; x_wconf 82' lang='lat' dir='ltr'><strong>iolward</strong></span> <span class='ocrx_word' id='word_1_97' title='bbox 929 1259 1079 1344; x_wconf 76' lang='lat' dir='ltr'><strong>stakinge</strong></span> <span class='ocrx_word' id='word_1_98' title='bbox 1095 1311 1103 1336; x_wconf 91' lang='lat'><strong>,</strong></span> <span class='ocrx_word' id='word_1_99' title='bbox 1117 1266 1152 1324; x_wconf 95' lang='lat' dir='ltr'><strong>et</strong></span> <span class='ocrx_word' id='word_1_100' title='bbox 1166 1259 1244 1325; x_wconf 87' lang='lat' dir='ltr'><strong>inde</strong></span> <span class='ocrx_word' id='word_1_101' title='bbox 1259 1280 1362 1343; x_wconf 76' lang='lat' dir='ltr'><strong>usque</strong></span> 
     </span>
    </p>

    <p class='ocr_par' dir='ltr' id='par_1_7' title="bbox 9 1357 1463 3626">
     <span class='ocr_line' id='line_1_11' title="bbox 9 1357 1364 1445; baseline 0.001 -20"><span class='ocrx_word' id='word_1_102' title='bbox 9 1432 12 1445; x_wconf 41' lang='grc' dir='ltr'>Ι</span> <span class='ocrx_word' id='word_1_103' title='bbox 149 1360 192 1426; x_wconf 88' lang='lat' dir='ltr'><strong>ad</strong></span> <span class='ocrx_word' id='word_1_104' title='bbox 211 1357 391 1425; x_wconf 88' lang='lat' dir='ltr'><strong>Southlake</strong></span> <span class='ocrx_word' id='word_1_105' title='bbox 407 1409 416 1437; x_wconf 84' lang='lat'>‚</span> <span class='ocrx_word' id='word_1_106' title='bbox 431 1359 491 1422; x_wconf 91' lang='lat' dir='ltr'><strong>ubi</strong></span> <span class='ocrx_word' id='word_1_107' title='bbox 513 1358 695 1425; x_wconf 85' lang='lat' dir='ltr'><strong>Seutblako</strong></span> <span class='ocrx_word' id='word_1_108' title='bbox 716 1359 806 1424; x_wconf 79' lang='lat' dir='ltr'><strong>eadit</strong></span> <span class='ocrx_word' id='word_1_109' title='bbox 826 1359 862 1425; x_wconf 91' lang='lat' dir='ltr'><strong>in</strong></span> <span class='ocrx_word' id='word_1_110' title='bbox 884 1380 1004 1445; x_wconf 87' lang='lat' dir='ltr'><strong>aquam</strong></span> <span class='ocrx_word' id='word_1_111' title='bbox 1025 1361 1067 1426; x_wconf 91' lang='lat' dir='ltr'><strong>de</strong></span> <span class='ocrx_word' id='word_1_112' title='bbox 1082 1360 1222 1426; x_wconf 85' lang='lat' dir='ltr'><strong>Weland</strong></span> <span class='ocrx_word' id='word_1_113' title='bbox 1236 1411 1246 1439; x_wconf 85' lang='lat'>‚</span> <span class='ocrx_word' id='word_1_114' title='bbox 1259 1368 1296 1426; x_wconf 88' lang='lat' dir='ltr'><strong>et</strong></span> <span class='ocrx_word' id='word_1_115' title='bbox 1315 1360 1364 1426; x_wconf 84' lang='lat' dir='ltr'><strong>sio</strong></span> 
     </span>
     <span class='ocr_line' id='line_1_12' title="bbox 151 1456 1365 1546; baseline 0.001 -22"><span class='ocrx_word' id='word_1_116' title='bbox 151 1456 348 1524; x_wconf 84' lang='lat' dir='ltr'><strong>transeundo</strong></span> <span class='ocrx_word' id='word_1_117' title='bbox 368 1457 509 1522; x_wconf 88' lang='lat' dir='ltr'><strong>eandem</strong></span> <span class='ocrx_word' id='word_1_118' title='bbox 530 1478 653 1541; x_wconf 84' lang='lat' dir='ltr'><strong>aquam</strong></span> <span class='ocrx_word' id='word_1_119' title='bbox 676 1466 711 1523; x_wconf 91' lang='lat' dir='ltr'><strong>et</strong></span> <span class='ocrx_word' id='word_1_120' title='bbox 732 1458 922 1543; x_wconf 84' lang='lat' dir='ltr'><strong>incipiendo</strong></span> <span class='ocrx_word' id='word_1_121' title='bbox 951 1459 994 1524; x_wconf 85' lang='lat' dir='ltr'><strong>ed</strong></span> <span class='ocrx_word' id='word_1_122' title='bbox 1015 1459 1249 1545; x_wconf 84' lang='lat' dir='ltr'><strong>Kenulpbston</strong></span> <span class='ocrx_word' id='word_1_123' title='bbox 1266 1458 1365 1546; x_wconf 81' lang='lat' dir='ltr'><strong>juxta</strong></span> 
     </span>
     <span class='ocr_line' id='line_1_13' title="bbox 151 1558 1365 1646; baseline 0 -19"><span class='ocrx_word' id='word_1_124' title='bbox 151 1562 255 1646; x_wconf 85' lang='lat' dir='ltr'><strong>ripam</strong></span> <span class='ocrx_word' id='word_1_125' title='bbox 277 1579 320 1624; x_wconf 85' lang='lat' dir='ltr'><strong>ex</strong></span> <span class='ocrx_word' id='word_1_126' title='bbox 345 1559 496 1643; x_wconf 86' lang='lat' dir='ltr'><strong>opposito</strong></span> <span class='ocrx_word' id='word_1_127' title='bbox 519 1558 563 1623; x_wconf 91' lang='lat' dir='ltr'><strong>de</strong></span> <span class='ocrx_word' id='word_1_128' title='bbox 583 1558 775 1625; x_wconf 84' lang='lat' dir='ltr'><strong>&#39;Soutldake</strong></span> <span class='ocrx_word' id='word_1_129' title='bbox 797 1561 855 1624; x_wconf 92' lang='lat' dir='ltr'><strong>ubi</strong></span> <span class='ocrx_word' id='word_1_130' title='bbox 870 1561 995 1645; x_wconf 80' lang='lat' dir='ltr'><strong>primus</strong></span> <span class='ocrx_word' id='word_1_131' title='bbox 1009 1562 1109 1626; x_wconf 83' lang='lat' dir='ltr'><strong>abbas</strong></span> <span class='ocrx_word' id='word_1_132' title='bbox 1126 1583 1152 1642; x_wconf 85' lang='lat' dir='ltr'><strong>a¹</strong></span> <span class='ocrx_word' id='word_1_133' title='bbox 1172 1561 1365 1628; x_wconf 69' lang='lat' dir='ltr'><strong>fundatione</strong></span> 
     </span>
     <span class='ocr_line' id='line_1_14' title="bbox 152 1657 1365 1746; baseline 0.001 -21"><span class='ocrx_word' id='word_1_134' title='bbox 152 1657 297 1745; x_wconf 88' lang='lat' dir='ltr'><strong>ejusdem</strong></span> <span class='ocrx_word' id='word_1_135' title='bbox 318 1658 512 1723; x_wconf 86' lang='lat' dir='ltr'><strong>monasterii</strong></span> <span class='ocrx_word' id='word_1_136' title='bbox 536 1658 673 1724; x_wconf 89' lang='lat' dir='ltr'><strong>nomine</strong></span> <span class='ocrx_word' id='word_1_137' title='bbox 694 1659 893 1744; x_wconf 78' lang='lat' dir='ltr'><strong>Kenrdphus</strong></span> <span class='ocrx_word' id='word_1_138' title='bbox 915 1661 1027 1744; x_wconf 80' lang='lat' dir='ltr'>posuit</span> <span class='ocrx_word' id='word_1_139' title='bbox 1049 1680 1179 1726; x_wconf 88' lang='lat' dir='ltr'><strong>emcem</strong></span> <span class='ocrx_word' id='word_1_140' title='bbox 1201 1661 1365 1746; x_wconf 87' lang='lat' dir='ltr'><strong>lapideam</strong></span> 
     </span>
     <span class='ocr_line' id='line_1_15' title="bbox 153 1755 1367 1844; baseline 0.002 -21"><span class='ocrx_word' id='word_1_141' title='bbox 153 1780 211 1844; x_wconf 88' lang='lat' dir='ltr'><strong>pro</strong></span> <span class='ocrx_word' id='word_1_142' title='bbox 229 1755 336 1821; x_wconf 81' lang='lat' dir='ltr'><strong>limite</strong></span> <span class='ocrx_word' id='word_1_143' title='bbox 351 1756 440 1820; x_wconf 90' lang='lat' dir='ltr'><strong>inter</strong></span> <span class='ocrx_word' id='word_1_144' title='bbox 459 1755 626 1839; x_wconf 66' lang='lat' dir='ltr'><strong>Crep&#39;land</strong></span> <span class='ocrx_word' id='word_1_145' title='bbox 640 1763 676 1821; x_wconf 92' lang='lat' dir='ltr'><strong>et</strong></span> <span class='ocrx_word' id='word_1_146' title='bbox 689 1757 847 1844; x_wconf 63' lang='lat' dir='ltr'><strong>Deping,</strong></span> <span class='ocrx_word' id='word_1_147' title='bbox 861 1764 896 1824; x_wconf 90' lang='lat' dir='ltr'><strong>et</strong></span> <span class='ocrx_word' id='word_1_148' title='bbox 915 1759 957 1823; x_wconf 91' lang='lat' dir='ltr'><strong>ab</strong></span> <span class='ocrx_word' id='word_1_149' title='bbox 980 1758 1058 1825; x_wconf 89' lang='lat' dir='ltr'><strong>inde</strong></span> <span class='ocrx_word' id='word_1_150' title='bbox 1073 1759 1238 1825; x_wconf 89' lang='lat' dir='ltr'><strong>tendendo</strong></span> <span class='ocrx_word' id='word_1_151' title='bbox 1253 1780 1367 1826; x_wconf 79' lang='lat' dir='ltr'><strong>versus</strong></span> 
     </span>
     <span class='ocr_line' id='line_1_16' title="bbox 155 1856 1368 1944; baseline 0.001 -22"><span class='ocrx_word' id='word_1_152' title='bbox 155 1860 290 1923; x_wconf 78' lang='lat' dir='ltr'><strong>Boream</strong></span> <span class='ocrx_word' id='word_1_153' title='bbox 301 1856 400 1940; x_wconf 77' lang='lat' dir='ltr'><strong>juxta</strong></span> <span class='ocrx_word' id='word_1_154' title='bbox 410 1856 541 1940; x_wconf 81' lang='lat' dir='ltr'><strong>Aspatb</strong></span> <span class='ocrx_word' id='word_1_155' title='bbox 555 1877 661 1940; x_wconf 83' lang='lat' dir='ltr'><strong>usque</strong></span> <span class='ocrx_word' id='word_1_156' title='bbox 675 1857 720 1922; x_wconf 92' lang='lat' dir='ltr'><strong>ad</strong></span> <span class='ocrx_word' id='word_1_157' title='bbox 726 1857 948 1924; x_wconf 72' lang='lat' dir='ltr'><strong>Weru&#39;arlake</strong></span> <span class='ocrx_word' id='word_1_158' title='bbox 957 1866 991 1923; x_wconf 87' lang='lat' dir='ltr'><strong>et</strong></span> <span class='ocrx_word' id='word_1_159' title='bbox 1000 1857 1047 1924; x_wconf 86' lang='lat' dir='ltr'><strong>sie</strong></span> <span class='ocrx_word' id='word_1_160' title='bbox 1059 1858 1215 1942; x_wconf 74' lang='lat' dir='ltr'><strong>usquead</strong></span> <span class='ocrx_word' id='word_1_161' title='bbox 1224 1859 1368 1944; x_wconf 83' lang='lat' dir='ltr'><strong>llaring·</strong></span> 
     </span>
     <span class='ocr_line' id='line_1_17' title="bbox 154 1949 1368 2041; baseline 0.001 -20"><span class='ocrx_word' id='word_1_162' title='bbox 154 1953 582 2032; x_wconf 74' lang='lat' dir='ltr'><strong>lrolt,etdeindesumun1</strong></span> <span class='ocrx_word' id='word_1_163' title='bbox 605 1976 665 2039; x_wconf 90' lang='lat' dir='ltr'><strong>per</strong></span> <span class='ocrx_word' id='word_1_164' title='bbox 690 1957 904 2041; x_wconf 81' lang='lat' dir='ltr'><strong>Mergarlake</strong></span> <span class='ocrx_word' id='word_1_165' title='bbox 927 1965 962 2023; x_wconf 90' lang='lat' dir='ltr'><strong>et</strong></span> <span class='ocrx_word' id='word_1_166' title='bbox 984 1957 1142 2022; x_wconf 86' lang='lat' dir='ltr'><strong>Lurtlake</strong></span> <span class='ocrx_word' id='word_1_167' title='bbox 1164 1965 1200 2023; x_wconf 89' lang='lat' dir='ltr'><strong>et</strong></span> <span class='ocrx_word' id='word_1_168' title='bbox 1219 1957 1267 2022; x_wconf 92' lang='lat' dir='ltr'><strong>ibi</strong></span> <span class='ocrx_word' id='word_1_169' title='bbox 1289 1949 1368 2023; x_wconf 81' lang='lat' dir='ltr'><strong>aunt</strong></span> 
     </span>
     <span class='ocr_line' id='line_1_18' title="bbox 155 2052 1368 2143; baseline 0.002 -24"><span class='ocrx_word' id='word_1_170' title='bbox 155 2056 275 2119; x_wconf 81' lang='lat' dir='ltr'><strong>limites</strong></span> <span class='ocrx_word' id='word_1_171' title='bbox 289 2052 476 2117; x_wconf 74' lang='lat' dir='ltr'><strong>dividentes</strong></span> <span class='ocrx_word' id='word_1_172' title='bbox 490 2053 649 2137; x_wconf 75' lang='lat' dir='ltr'><strong>Hoyland</strong></span> <span class='ocrx_word' id='word_1_173' title='bbox 660 2063 695 2120; x_wconf 90' lang='lat' dir='ltr'><strong>et</strong></span> <span class='ocrx_word' id='word_1_174' title='bbox 711 2055 897 2122; x_wconf 69' lang='lat' dir='ltr'><strong>Raetorene</strong></span> <span class='ocrx_word' id='word_1_175' title='bbox 914 2110 924 2136; x_wconf 86' lang='lat'><em>‚</em></span> <span class='ocrx_word' id='word_1_176' title='bbox 936 2063 971 2121; x_wconf 92' lang='lat' dir='ltr'><strong>et</strong></span> <span class='ocrx_word' id='word_1_177' title='bbox 985 2056 1062 2122; x_wconf 90' lang='lat' dir='ltr'><strong>inde</strong></span> <span class='ocrx_word' id='word_1_178' title='bbox 1076 2077 1180 2140; x_wconf 84' lang='lat' dir='ltr'><strong>usque</strong></span> <span class='ocrx_word' id='word_1_179' title='bbox 1195 2056 1237 2121; x_wconf 83' lang='lat' dir='ltr'><strong>ad</strong></span> <span class='ocrx_word' id='word_1_180' title='bbox 1252 2057 1368 2143; x_wconf 65' lang='lat' dir='ltr'><strong>Qut,</strong></span> 
     </span>
     <span class='ocr_line' id='line_1_19' title="bbox 155 2151 1369 2237; baseline -0.001 -17"><span class='ocrx_word' id='word_1_181' title='bbox 155 2156 245 2220; x_wconf 85' lang='lat' dir='ltr'><strong>etsie</strong></span> <span class='ocrx_word' id='word_1_182' title='bbox 258 2174 363 2237; x_wconf 86' lang='lat' dir='ltr'><strong>usque</strong></span> <span class='ocrx_word' id='word_1_183' title='bbox 377 2153 419 2217; x_wconf 83' lang='lat' dir='ltr'><strong>ad</strong></span> <span class='ocrx_word' id='word_1_184' title='bbox 435 2151 601 2237; x_wconf 78' lang='lat' dir='ltr'><strong>Apiulrolt</strong></span> <span class='ocrx_word' id='word_1_185' title='bbox 614 2154 686 2219; x_wconf 84' lang='lat' dir='ltr'><strong>sire</strong></span> <span class='ocrx_word' id='word_1_186' title='bbox 699 2155 765 2219; x_wconf 89' lang='lat' dir='ltr'><strong>alio</strong></span> <span class='ocrx_word' id='word_1_187' title='bbox 781 2155 913 2221; x_wconf 89' lang='lat' dir='ltr'><strong>nomine</strong></span> <span class='ocrx_word' id='word_1_188' title='bbox 927 2155 1105 2220; x_wconf 86' lang='lat' dir='ltr'><strong>Wodelade</strong></span> <span class='ocrx_word' id='word_1_189' title='bbox 1123 2155 1181 2235; x_wconf 83' lang='lat' dir='ltr'><strong>ubi</strong></span> <span class='ocrx_word' id='word_1_190' title='bbox 1189 2154 1369 2221; x_wconf 79' lang='lat' dir='ltr'><strong>ll&#39;odelade</strong></span> 
     </span>
     <span class='ocr_line' id='line_1_20' title="bbox 155 2251 1370 2338; baseline 0 -18"><span class='ocrx_word' id='word_1_191' title='bbox 155 2254 242 2320; x_wconf 84' lang='lat' dir='ltr'><strong>eadit</strong></span> <span class='ocrx_word' id='word_1_192' title='bbox 265 2253 303 2316; x_wconf 91' lang='lat' dir='ltr'><strong>in</strong></span> <span class='ocrx_word' id='word_1_193' title='bbox 327 2272 449 2335; x_wconf 86' lang='lat' dir='ltr'><strong>aquam</strong></span> <span class='ocrx_word' id='word_1_194' title='bbox 474 2252 517 2317; x_wconf 88' lang='lat' dir='ltr'><strong>de</strong></span> <span class='ocrx_word' id='word_1_195' title='bbox 540 2251 684 2316; x_wconf 83' lang='lat' dir='ltr'><strong>Weland</strong></span> <span class='ocrx_word' id='word_1_196' title='bbox 709 2274 786 2317; x_wconf 87' lang='lat' dir='ltr'><strong>cum</strong></span> <span class='ocrx_word' id='word_1_197' title='bbox 808 2255 961 2319; x_wconf 87' lang='lat' dir='ltr'><strong>omnibus</strong></span> <span class='ocrx_word' id='word_1_198' title='bbox 986 2253 1260 2338; x_wconf 82' lang='lat' dir='ltr'><strong>appendiciis,et</strong></span> <span class='ocrx_word' id='word_1_199' title='bbox 1279 2253 1370 2320; x_wconf 91' lang='lat' dir='ltr'><strong>omni</strong></span> 
     </span>
     <span class='ocr_line' id='line_1_21' title="bbox 156 2349 1369 2437; baseline 0 -19"><span class='ocrx_word' id='word_1_200' title='bbox 156 2351 322 2419; x_wconf 88' lang='lat' dir='ltr'><strong>commodo</strong></span> <span class='ocrx_word' id='word_1_201' title='bbox 345 2350 435 2435; x_wconf 84' lang='lat' dir='ltr'><strong>quod</strong></span> <span class='ocrx_word' id='word_1_202' title='bbox 460 2349 566 2436; x_wconf 67' lang='lat' dir='ltr'><strong>pemit</strong></span> <span class='ocrx_word' id='word_1_203' title='bbox 586 2352 718 2417; x_wconf 74' lang='lat' dir='ltr'><strong>evenire</strong></span> <span class='ocrx_word' id='word_1_204' title='bbox 737 2352 809 2417; x_wconf 76' lang='lat' dir='ltr'><strong>sire</strong></span> <span class='ocrx_word' id='word_1_205' title='bbox 834 2352 1019 2436; x_wconf 81' lang='lat' dir='ltr'><strong>extorqueri</strong></span> <span class='ocrx_word' id='word_1_206' title='bbox 1051 2352 1138 2416; x_wconf 84' lang='lat' dir='ltr'><strong>inim</strong></span> <span class='ocrx_word' id='word_1_207' title='bbox 1166 2352 1369 2437; x_wconf 73' lang='lat' dir='ltr'><strong>supradictos</strong></span> 
     </span>
     <span class='ocr_line' id='line_1_22' title="bbox 156 2451 1397 2541; baseline -0.002 -23"><span class='ocrx_word' id='word_1_208' title='bbox 156 2452 276 2517; x_wconf 83' lang='lat' dir='ltr'><strong>limites</strong></span> <span class='ocrx_word' id='word_1_209' title='bbox 292 2458 361 2514; x_wconf 81' lang='lat' dir='ltr'><strong>tom</strong></span> <span class='ocrx_word' id='word_1_210' title='bbox 375 2451 489 2515; x_wconf 82' lang='lat' dir='ltr'><strong>subter</strong></span> <span class='ocrx_word' id='word_1_211' title='bbox 509 2455 632 2515; x_wconf 84' lang='lat' dir='ltr'><strong>terram</strong></span> <span class='ocrx_word' id='word_1_212' title='bbox 653 2471 754 2534; x_wconf 87' lang='lat' dir='ltr'><strong>quam</strong></span> <span class='ocrx_word' id='word_1_213' title='bbox 775 2472 875 2535; x_wconf 83' lang='lat' dir='ltr'><strong>supra</strong></span> <span class='ocrx_word' id='word_1_214' title='bbox 897 2472 973 2516; x_wconf 90' lang='lat' dir='ltr'><strong>eum</strong></span> <span class='ocrx_word' id='word_1_215' title='bbox 994 2451 1157 2516; x_wconf 88' lang='lat' dir='ltr'><strong>eemmina</strong></span> <span class='ocrx_word' id='word_1_216' title='bbox 1177 2459 1319 2536; x_wconf 84' lang='lat' dir='ltr'><strong>pasturae</strong></span> <span class='ocrx_word' id='word_1_217' title='bbox 1333 2451 1370 2516; x_wconf 91' lang='lat' dir='ltr'><strong>in</strong></span> <span class='ocrx_word' id='word_1_218' title='bbox 1393 2532 1397 2541; x_wconf 89' lang='lat'><strong>.</strong></span> 
     </span>
     <span class='ocr_line' id='line_1_23' title="bbox 157 2547 1371 2634; baseline -0.001 -17"><span class='ocrx_word' id='word_1_219' title='bbox 157 2550 302 2617; x_wconf 79' lang='lat' dir='ltr'><strong>mariscis</strong></span> <span class='ocrx_word' id='word_1_220' title='bbox 327 2547 555 2633; x_wconf 86' lang='lat' dir='ltr'><strong>adjacentibus</strong></span> <span class='ocrx_word' id='word_1_221' title='bbox 571 2569 621 2614; x_wconf 83' lang='lat' dir='ltr'><strong>ex</strong></span> <span class='ocrx_word' id='word_1_222' title='bbox 645 2555 785 2634; x_wconf 85' lang='lat' dir='ltr'><strong>utraque</strong></span> <span class='ocrx_word' id='word_1_223' title='bbox 810 2556 904 2634; x_wconf 87' lang='lat' dir='ltr'><strong>parte</strong></span> <span class='ocrx_word' id='word_1_224' title='bbox 924 2570 1017 2634; x_wconf 80' lang='lat' dir='ltr'><strong>aquae</strong></span> <span class='ocrx_word' id='word_1_225' title='bbox 1038 2549 1080 2615; x_wconf 89' lang='lat' dir='ltr'><strong>de</strong></span> <span class='ocrx_word' id='word_1_226' title='bbox 1095 2550 1238 2615; x_wconf 83' lang='lat' dir='ltr'><strong>Weland</strong></span> <span class='ocrx_word' id='word_1_227' title='bbox 1255 2550 1371 2628; x_wconf 82' lang='lat' dir='ltr'><strong>,vida-</strong></span> 
     </span>
     <span class='ocr_line' id='line_1_24' title="bbox 156 2647 1371 2733; baseline 0 -17"><span class='ocrx_word' id='word_1_228' title='bbox 156 2650 233 2716; x_wconf 88' lang='lat' dir='ltr'><strong>lioet</strong></span> <span class='ocrx_word' id='word_1_229' title='bbox 246 2671 287 2715; x_wconf 80' lang='lat' dir='ltr'><strong>ex</strong></span> <span class='ocrx_word' id='word_1_230' title='bbox 303 2669 370 2713; x_wconf 85' lang='lat' dir='ltr'><strong>una</strong></span> <span class='ocrx_word' id='word_1_231' title='bbox 391 2655 484 2731; x_wconf 85' lang='lat' dir='ltr'><strong>parte</strong></span> <span class='ocrx_word' id='word_1_232' title='bbox 505 2647 549 2711; x_wconf 93' lang='lat' dir='ltr'><strong>ab</strong></span> <span class='ocrx_word' id='word_1_233' title='bbox 566 2647 639 2730; x_wconf 88' lang='lat' dir='ltr'><strong>ipsa</strong></span> <span class='ocrx_word' id='word_1_234' title='bbox 661 2668 748 2732; x_wconf 69' lang='lat' dir='ltr'><strong>apua</strong></span> <span class='ocrx_word' id='word_1_235' title='bbox 769 2669 875 2733; x_wconf 87' lang='lat' dir='ltr'><strong>usquo</strong></span> <span class='ocrx_word' id='word_1_236' title='bbox 896 2649 938 2713; x_wconf 88' lang='lat' dir='ltr'><strong>ad</strong></span> <span class='ocrx_word' id='word_1_237' title='bbox 964 2669 1077 2733; x_wconf 86' lang='lat' dir='ltr'><strong>agrum</strong></span> <span class='ocrx_word' id='word_1_238' title='bbox 1099 2647 1140 2715; x_wconf 88' lang='lat' dir='ltr'><strong>de</strong></span> <span class='ocrx_word' id='word_1_239' title='bbox 1161 2649 1371 2715; x_wconf 81' lang='lat' dir='ltr'><strong>Medeebam·</strong></span> 
     </span>
     <span class='ocr_line' id='line_1_25' title="bbox 158 2744 1463 2833; baseline -0.001 -17"><span class='ocrx_word' id='word_1_240' title='bbox 158 2750 230 2816; x_wconf 84' lang='lat' dir='ltr'><strong>eted</strong></span> <span class='ocrx_word' id='word_1_241' title='bbox 249 2801 259 2827; x_wconf 86' lang='lat'><em>,</em></span> <span class='ocrx_word' id='word_1_242' title='bbox 279 2755 314 2814; x_wconf 91' lang='lat' dir='ltr'><strong>et</strong></span> <span class='ocrx_word' id='word_1_243' title='bbox 339 2769 381 2813; x_wconf 71' lang='lat' dir='ltr'><strong>eu</strong></span> <span class='ocrx_word' id='word_1_244' title='bbox 407 2746 510 2811; x_wconf 84' lang='lat' dir='ltr'><strong>altera</strong></span> <span class='ocrx_word' id='word_1_245' title='bbox 539 2753 634 2831; x_wconf 69' lang='lat' dir='ltr'><strong>porte</strong></span> <span class='ocrx_word' id='word_1_246' title='bbox 655 2747 698 2811; x_wconf 88' lang='lat' dir='ltr'><strong>ab</strong></span> <span class='ocrx_word' id='word_1_247' title='bbox 726 2748 842 2813; x_wconf 86' lang='lat' dir='ltr'><strong>eadem</strong></span> <span class='ocrx_word' id='word_1_248' title='bbox 865 2769 950 2833; x_wconf 90' lang='lat' dir='ltr'><strong>aqua</strong></span> <span class='ocrx_word' id='word_1_249' title='bbox 973 2768 1077 2832; x_wconf 82' lang='lat' dir='ltr'><strong>usque</strong></span> <span class='ocrx_word' id='word_1_250' title='bbox 1102 2748 1145 2812; x_wconf 86' lang='lat' dir='ltr'><strong>ad</strong></span> <span class='ocrx_word' id='word_1_251' title='bbox 1168 2748 1306 2814; x_wconf 68' lang='lat' dir='ltr'><strong>edificia</strong></span> <span class='ocrx_word' id='word_1_252' title='bbox 1329 2750 1371 2815; x_wconf 88' lang='lat' dir='ltr'><strong>de</strong></span> <span class='ocrx_word' id='word_1_253' title='bbox 1461 2744 1463 2748; x_wconf 41' lang='lat'><em>⁴</em></span> 
     </span>
     <span class='ocr_line' id='line_1_26' title="bbox 161 2844 1419 2933; baseline 0 -19"><span class='ocrx_word' id='word_1_254' title='bbox 161 2846 392 2933; x_wconf 82' lang='lat' dir='ltr'><strong>Spauldelinge</strong></span> <span class='ocrx_word' id='word_1_255' title='bbox 418 2867 495 2910; x_wconf 91' lang='lat' dir='ltr'><strong>eum</strong></span> <span class='ocrx_word' id='word_1_256' title='bbox 518 2844 658 2929; x_wconf 74' lang='lat' dir='ltr'><strong>seperali</strong></span> <span class='ocrx_word' id='word_1_257' title='bbox 678 2845 818 2929; x_wconf 80' lang='lat' dir='ltr'><strong>piscaria</strong></span> <span class='ocrx_word' id='word_1_258' title='bbox 838 2847 875 2911; x_wconf 93' lang='lat' dir='ltr'><strong>in</strong></span> <span class='ocrx_word' id='word_1_259' title='bbox 896 2847 1008 2912; x_wconf 71' lang='lat' dir='ltr'><strong>erdem</strong></span> <span class='ocrx_word' id='word_1_260' title='bbox 1034 2868 1120 2932; x_wconf 89' lang='lat' dir='ltr'><strong>aqua</strong></span> <span class='ocrx_word' id='word_1_261' title='bbox 1140 2849 1182 2914; x_wconf 92' lang='lat' dir='ltr'><strong>de</strong></span> <span class='ocrx_word' id='word_1_262' title='bbox 1195 2849 1373 2914; x_wconf 81' lang='lat' dir='ltr'><strong>Welunda</strong></span> <span class='ocrx_word' id='word_1_263' title='bbox 1415 2854 1419 2863; x_wconf 88' lang='lat'>&#39;</span> 
     </span>
     <span class='ocr_line' id='line_1_27' title="bbox 160 2944 1370 3032; baseline 0.002 -21"><span class='ocrx_word' id='word_1_264' title='bbox 160 2947 391 3032; x_wconf 85' lang='lat' dir='ltr'><strong>Keuulplrston</strong></span> <span class='ocrx_word' id='word_1_265' title='bbox 406 2944 570 3028; x_wconf 83' lang='lat' dir='ltr'><strong>usquead</strong></span> <span class='ocrx_word' id='word_1_266' title='bbox 585 2953 722 3028; x_wconf 85' lang='lat' dir='ltr'><strong>pentem</strong></span> <span class='ocrx_word' id='word_1_267' title='bbox 736 2945 779 3010; x_wconf 84' lang='lat' dir='ltr'><strong>de</strong></span> <span class='ocrx_word' id='word_1_268' title='bbox 801 2945 966 3030; x_wconf 75' lang='lat' dir='ltr'><strong>Croylaud</strong></span> <span class='ocrx_word' id='word_1_269' title='bbox 982 2997 989 3011; x_wconf 93' lang='lat'><strong>.</strong></span> <span class='ocrx_word' id='word_1_270' title='bbox 1005 2951 1039 3011; x_wconf 91' lang='lat' dir='ltr'><strong>et</strong></span> <span class='ocrx_word' id='word_1_271' title='bbox 1062 2946 1097 3009; x_wconf 94' lang='lat' dir='ltr'><strong>in</strong></span> <span class='ocrx_word' id='word_1_272' title='bbox 1119 2967 1205 3030; x_wconf 87' lang='lat' dir='ltr'><strong>aqua</strong></span> <span class='ocrx_word' id='word_1_273' title='bbox 1220 2947 1261 3013; x_wconf 92' lang='lat' dir='ltr'><strong>de</strong></span> <span class='ocrx_word' id='word_1_274' title='bbox 1276 2948 1370 3013; x_wconf 82' lang='lat' dir='ltr'><strong>Neue</strong></span> 
     </span>
     <span class='ocr_line' id='line_1_28' title="bbox 159 3043 1372 3128; baseline 0.001 -18"><span class='ocrx_word' id='word_1_275' title='bbox 159 3066 179 3110; x_wconf 87' lang='lat' dir='ltr'><strong>a</strong></span> <span class='ocrx_word' id='word_1_276' title='bbox 198 3047 304 3113; x_wconf 86' lang='lat' dir='ltr'><strong>limite</strong></span> <span class='ocrx_word' id='word_1_277' title='bbox 328 3047 471 3110; x_wconf 69' lang='lat' dir='ltr'><strong>fiuestou</strong></span> <span class='ocrx_word' id='word_1_278' title='bbox 495 3043 631 3108; x_wconf 90' lang='lat' dir='ltr'><strong>nomine</strong></span> <span class='ocrx_word' id='word_1_279' title='bbox 657 3064 762 3128; x_wconf 82' lang='lat' dir='ltr'><strong>usque</strong></span> <span class='ocrx_word' id='word_1_280' title='bbox 785 3044 829 3109; x_wconf 89' lang='lat' dir='ltr'><strong>ad</strong></span> <span class='ocrx_word' id='word_1_281' title='bbox 849 3052 983 3128; x_wconf 88' lang='lat' dir='ltr'><strong>pontem</strong></span> <span class='ocrx_word' id='word_1_282' title='bbox 1004 3044 1045 3109; x_wconf 90' lang='lat' dir='ltr'><strong>de</strong></span> <span class='ocrx_word' id='word_1_283' title='bbox 1072 3043 1237 3127; x_wconf 76' lang='lat' dir='ltr'><strong>Cmylaud</strong></span> <span class='ocrx_word' id='word_1_284' title='bbox 1250 3095 1260 3123; x_wconf 87' lang='lat'>‚</span> <span class='ocrx_word' id='word_1_285' title='bbox 1274 3052 1308 3112; x_wconf 91' lang='lat' dir='ltr'><strong>et</strong></span> <span class='ocrx_word' id='word_1_286' title='bbox 1329 3047 1372 3113; x_wconf 84' lang='lat' dir='ltr'><strong>eb</strong></span> 
     </span>
     <span class='ocr_line' id='line_1_29' title="bbox 159 3142 1373 3229; baseline 0.002 -20"><span class='ocrx_word' id='word_1_287' title='bbox 159 3145 234 3212; x_wconf 89' lang='lat' dir='ltr'><strong>inde</strong></span> <span class='ocrx_word' id='word_1_288' title='bbox 248 3146 284 3211; x_wconf 93' lang='lat' dir='ltr'><strong>in</strong></span> <span class='ocrx_word' id='word_1_289' title='bbox 299 3146 413 3211; x_wconf 72' lang='lat' dir='ltr'><strong>eadem</strong></span> <span class='ocrx_word' id='word_1_290' title='bbox 435 3163 522 3228; x_wconf 85' lang='lat' dir='ltr'><strong>aqua</strong></span> <span class='ocrx_word' id='word_1_291' title='bbox 535 3193 546 3220; x_wconf 88' lang='lat'><strong>,</strong></span> <span class='ocrx_word' id='word_1_292' title='bbox 560 3150 595 3208; x_wconf 95' lang='lat' dir='ltr'><strong>et</strong></span> <span class='ocrx_word' id='word_1_293' title='bbox 615 3143 654 3207; x_wconf 93' lang='lat' dir='ltr'><strong>in</strong></span> <span class='ocrx_word' id='word_1_294' title='bbox 675 3163 761 3228; x_wconf 87' lang='lat' dir='ltr'><strong>aqua</strong></span> <span class='ocrx_word' id='word_1_295' title='bbox 786 3144 828 3210; x_wconf 91' lang='lat' dir='ltr'><strong>de</strong></span> <span class='ocrx_word' id='word_1_296' title='bbox 843 3142 985 3208; x_wconf 84' lang='lat' dir='ltr'><strong>Weland</strong></span> <span class='ocrx_word' id='word_1_297' title='bbox 999 3142 1191 3208; x_wconf 80' lang='lat' dir='ltr'><strong>coadunatis</strong></span> <span class='ocrx_word' id='word_1_298' title='bbox 1210 3146 1373 3229; x_wconf 82' lang='lat' dir='ltr'><strong>usquead</strong></span> 
     </span>
     <span class='ocr_line' id='line_1_30' title="bbox 160 3241 1374 3329; baseline 0.002 -20"><span class='ocrx_word' id='word_1_299' title='bbox 160 3244 325 3312; x_wconf 84' lang='lat' dir='ltr'><strong>Asendiek</strong></span> <span class='ocrx_word' id='word_1_300' title='bbox 340 3292 349 3311; x_wconf 89' lang='lat'><strong>.</strong></span> <span class='ocrx_word' id='word_1_301' title='bbox 364 3248 503 3329; x_wconf 80' lang='lat' dir='ltr'><strong>possunt</strong></span> <span class='ocrx_word' id='word_1_302' title='bbox 516 3242 619 3308; x_wconf 86' lang='lat' dir='ltr'><strong>etiam</strong></span> <span class='ocrx_word' id='word_1_303' title='bbox 634 3242 717 3308; x_wconf 85' lang='lat' dir='ltr'><strong>dieti</strong></span> <span class='ocrx_word' id='word_1_304' title='bbox 738 3241 891 3308; x_wconf 89' lang='lat' dir='ltr'><strong>monaehi</strong></span> <span class='ocrx_word' id='word_1_305' title='bbox 906 3243 947 3307; x_wconf 90' lang='lat' dir='ltr'><strong>de</strong></span> <span class='ocrx_word' id='word_1_306' title='bbox 962 3241 1084 3307; x_wconf 88' lang='lat' dir='ltr'><strong>eisdem</strong></span> <span class='ocrx_word' id='word_1_307' title='bbox 1099 3242 1246 3308; x_wconf 82' lang='lat' dir='ltr'><strong>mariscis</strong></span> <span class='ocrx_word' id='word_1_308' title='bbox 1259 3264 1374 3312; x_wconf 73' lang='lat' dir='ltr'><strong>versam</strong></span> 
     </span>
     <span class='ocr_line' id='line_1_31' title="bbox 162 3341 1375 3426; baseline 0.002 -18"><span class='ocrx_word' id='word_1_309' title='bbox 162 3343 361 3410; x_wconf 80' lang='lat' dir='ltr'><strong>occidentem</strong></span> <span class='ocrx_word' id='word_1_310' title='bbox 382 3341 610 3426; x_wconf 82' lang='lat' dir='ltr'><strong>edjaeentibus</strong></span> <span class='ocrx_word' id='word_1_311' title='bbox 624 3361 685 3426; x_wconf 89' lang='lat' dir='ltr'><strong>pro</strong></span> <span class='ocrx_word' id='word_1_312' title='bbox 711 3362 747 3407; x_wconf 85' lang='lat' dir='ltr'><strong>se</strong></span> <span class='ocrx_word' id='word_1_313' title='bbox 768 3349 803 3408; x_wconf 88' lang='lat' dir='ltr'><strong>et</strong></span> <span class='ocrx_word' id='word_1_314' title='bbox 816 3341 1004 3407; x_wconf 84' lang='lat' dir='ltr'><strong>hominibus</strong></span> <span class='ocrx_word' id='word_1_315' title='bbox 1019 3341 1088 3407; x_wconf 84' lang='lat' dir='ltr'><strong>sive</strong></span> <span class='ocrx_word' id='word_1_316' title='bbox 1103 3342 1292 3408; x_wconf 83' lang='lat' dir='ltr'><strong>tenentibus</strong></span> <span class='ocrx_word' id='word_1_317' title='bbox 1306 3344 1375 3411; x_wconf 77' lang='lat' dir='ltr'><strong>suis</strong></span> 
     </span>
     <span class='ocr_line' id='line_1_32' title="bbox 162 3439 1375 3525; baseline 0.002 -20"><span class='ocrx_word' id='word_1_318' title='bbox 162 3440 328 3508; x_wconf 83' lang='lat' dir='ltr'><strong>includere</strong></span> <span class='ocrx_word' id='word_1_319' title='bbox 350 3440 464 3506; x_wconf 76' lang='lat' dir='ltr'><strong>emitis</strong></span> <span class='ocrx_word' id='word_1_320' title='bbox 482 3439 555 3505; x_wconf 86' lang='lat' dir='ltr'><strong>sire</strong></span> <span class='ocrx_word' id='word_1_321' title='bbox 577 3446 710 3524; x_wconf 81' lang='lat' dir='ltr'><strong>pratum</strong></span> <span class='ocrx_word' id='word_1_322' title='bbox 733 3439 821 3506; x_wconf 87' lang='lat' dir='ltr'><strong>eirea</strong></span> <span class='ocrx_word' id='word_1_323' title='bbox 842 3447 976 3525; x_wconf 84' lang='lat' dir='ltr'><strong>pontem</strong></span> <span class='ocrx_word' id='word_1_324' title='bbox 1003 3439 1193 3524; x_wconf 83' lang='lat' dir='ltr'><strong>separaliter</strong></span> <span class='ocrx_word' id='word_1_325' title='bbox 1212 3448 1375 3525; x_wconf 86' lang='lat' dir='ltr'><strong>quantum</strong></span> 
     </span>
     <span class='ocr_line' id='line_1_33' title="bbox 162 3538 1375 3626; baseline 0.001 -20"><span class='ocrx_word' id='word_1_326' title='bbox 162 3539 228 3606; x_wconf 77' lang='lat' dir='ltr'><strong>illis</strong></span> <span class='ocrx_word' id='word_1_327' title='bbox 240 3540 425 3626; x_wconf 76' lang='lat' dir='ltr'><strong>placuerit.</strong></span> <span class='ocrx_word' id='word_1_328' title='bbox 441 3560 544 3624; x_wconf 86' lang='lat' dir='ltr'><strong>quare</strong></span> <span class='ocrx_word' id='word_1_329' title='bbox 558 3538 634 3603; x_wconf 76' lang='lat' dir='ltr'><strong>volo</strong></span> <span class='ocrx_word' id='word_1_330' title='bbox 649 3538 738 3623; x_wconf 86' lang='lat' dir='ltr'><strong>qnod</strong></span> <span class='ocrx_word' id='word_1_331' title='bbox 753 3539 835 3605; x_wconf 89' lang='lat' dir='ltr'><strong>dicti</strong></span> <span class='ocrx_word' id='word_1_332' title='bbox 850 3539 1004 3605; x_wconf 88' lang='lat' dir='ltr'><strong>monaehi</strong></span> <span class='ocrx_word' id='word_1_333' title='bbox 1018 3539 1160 3605; x_wconf 81' lang='lat' dir='ltr'><strong>habeant</strong></span> <span class='ocrx_word' id='word_1_334' title='bbox 1174 3539 1239 3604; x_wconf 80' lang='lat' dir='ltr'><strong>isto</strong></span> <span class='ocrx_word' id='word_1_335' title='bbox 1253 3540 1375 3625; x_wconf 75' lang='lat' dir='ltr'><strong>praedia</strong></span> 
     </span>
    </p>

    <p class='ocr_par' dir='ltr' id='par_1_8' title="bbox 84 3641 1381 4228">
     <span class='ocr_line' id='line_1_34' title="bbox 84 3641 1374 3730; baseline -0.003 -17"><span class='ocrx_word' id='word_1_336' title='bbox 84 3708 88 3713; x_wconf 88' lang='lat'><em>.</em></span> <span class='ocrx_word' id='word_1_337' title='bbox 164 3642 203 3708; x_wconf 90' lang='lat' dir='ltr'><strong>de</strong></span> <span class='ocrx_word' id='word_1_338' title='bbox 216 3644 391 3709; x_wconf 82' lang='lat' dir='ltr'><strong>donatione</strong></span> <span class='ocrx_word' id='word_1_339' title='bbox 406 3650 440 3709; x_wconf 89' lang='lat' dir='ltr'><strong>et</strong></span> <span class='ocrx_word' id='word_1_340' title='bbox 455 3641 703 3708; x_wconf 76' lang='lat' dir='ltr'><strong>confirmatione</strong></span> <span class='ocrx_word' id='word_1_341' title='bbox 718 3664 793 3708; x_wconf 77' lang='lat' dir='ltr'><strong>mea</strong></span> <span class='ocrx_word' id='word_1_342' title='bbox 813 3643 916 3707; x_wconf 81' lang='lat' dir='ltr'><strong>libem</strong></span> <span class='ocrx_word' id='word_1_343' title='bbox 937 3651 972 3708; x_wconf 86' lang='lat' dir='ltr'><strong>et</strong></span> <span class='ocrx_word' id='word_1_344' title='bbox 986 3642 1095 3708; x_wconf 81' lang='lat' dir='ltr'><strong>soluta</strong></span> <span class='ocrx_word' id='word_1_345' title='bbox 1107 3642 1150 3707; x_wconf 90' lang='lat' dir='ltr'><strong>ab</strong></span> <span class='ocrx_word' id='word_1_346' title='bbox 1171 3643 1263 3707; x_wconf 89' lang='lat' dir='ltr'><strong>omni</strong></span> <span class='ocrx_word' id='word_1_347' title='bbox 1276 3665 1374 3730; x_wconf 79' lang='lat' dir='ltr'><strong>eeuea</strong></span> 
     </span>
     <span class='ocr_line' id='line_1_35' title="bbox 165 3741 1375 3820; baseline 0.003 -14"><span class='ocrx_word' id='word_1_348' title='bbox 165 3748 197 3807; x_wconf 89' lang='lat' dir='ltr'><strong>et</strong></span> <span class='ocrx_word' id='word_1_349' title='bbox 221 3764 319 3809; x_wconf 89' lang='lat' dir='ltr'><strong>onere</strong></span> <span class='ocrx_word' id='word_1_350' title='bbox 340 3741 490 3809; x_wconf 84' lang='lat' dir='ltr'><strong>saeeulari</strong></span> <span class='ocrx_word' id='word_1_351' title='bbox 506 3794 516 3820; x_wconf 89' lang='lat'><em>,</em></span> <span class='ocrx_word' id='word_1_352' title='bbox 535 3750 571 3806; x_wconf 89' lang='lat' dir='ltr'><strong>et</strong></span> <span class='ocrx_word' id='word_1_353' title='bbox 595 3761 710 3806; x_wconf 77' lang='lat' dir='ltr'><strong>omnes</strong></span> <span class='ocrx_word' id='word_1_354' title='bbox 723 3741 895 3807; x_wconf 76' lang='lat' dir='ltr'><strong>libertates</strong></span> <span class='ocrx_word' id='word_1_355' title='bbox 910 3792 920 3820; x_wconf 87' lang='lat'><em>,</em></span> <span class='ocrx_word' id='word_1_356' title='bbox 933 3748 969 3807; x_wconf 86' lang='lat' dir='ltr'><strong>et</strong></span> <span class='ocrx_word' id='word_1_357' title='bbox 983 3741 1101 3806; x_wconf 85' lang='lat' dir='ltr'><strong>liberas</strong></span> <span class='ocrx_word' id='word_1_358' title='bbox 1121 3742 1375 3810; x_wconf 77' lang='lat' dir='ltr'><strong>eonsuetudines</strong></span> 
     </span>
     <span class='ocr_line' id='line_1_36' title="bbox 165 3839 1378 3926; baseline 0 -20"><span class='ocrx_word' id='word_1_359' title='bbox 165 3843 340 3908; x_wconf 85' lang='lat' dir='ltr'><strong>cumomni</strong></span> <span class='ocrx_word' id='word_1_360' title='bbox 351 3842 410 3907; x_wconf 92' lang='lat' dir='ltr'><strong>illo</strong></span> <span class='ocrx_word' id='word_1_361' title='bbox 418 3840 509 3926; x_wconf 91' lang='lat' dir='ltr'><strong>quod</strong></span> <span class='ocrx_word' id='word_1_362' title='bbox 518 3840 706 3925; x_wconf 87' lang='lat' dir='ltr'><strong>appellatur</strong></span> <span class='ocrx_word' id='word_1_363' title='bbox 719 3840 824 3926; x_wconf 85' lang='lat' dir='ltr'><strong>Soeha</strong></span> <span class='ocrx_word' id='word_1_364' title='bbox 838 3840 945 3907; x_wconf 84' lang='lat' dir='ltr'><strong>Saeha</strong></span> <span class='ocrx_word' id='word_1_365' title='bbox 956 3839 1036 3917; x_wconf 86' lang='lat' dir='ltr'><strong>,Tel</strong></span> <span class='ocrx_word' id='word_1_366' title='bbox 1050 3845 1085 3904; x_wconf 86' lang='lat' dir='ltr'><strong>et</strong></span> <span class='ocrx_word' id='word_1_367' title='bbox 1094 3839 1174 3904; x_wconf 87' lang='lat' dir='ltr'><strong>Tem</strong></span> <span class='ocrx_word' id='word_1_368' title='bbox 1186 3889 1196 3916; x_wconf 88' lang='lat'><em>,</em></span> <span class='ocrx_word' id='word_1_369' title='bbox 1206 3839 1378 3906; x_wconf 77' lang='lat' dir='ltr'><strong>Infantbel</strong></span> 
     </span>
     <span class='ocr_line' id='line_1_37' title="bbox 166 3938 1379 4027; baseline -0.002 -21"><span class='ocrx_word' id='word_1_370' title='bbox 166 3942 241 4008; x_wconf 78' lang='lat' dir='ltr'><strong>weil</strong></span> <span class='ocrx_word' id='word_1_371' title='bbox 261 3950 296 4009; x_wconf 91' lang='lat' dir='ltr'><strong>et</strong></span> <span class='ocrx_word' id='word_1_372' title='bbox 317 3951 408 4027; x_wconf 81' lang='lat' dir='ltr'><strong>stmy</strong></span> <span class='ocrx_word' id='word_1_373' title='bbox 432 3949 467 4008; x_wconf 90' lang='lat' dir='ltr'><strong>et</strong></span> <span class='ocrx_word' id='word_1_374' title='bbox 492 3963 571 4007; x_wconf 86' lang='lat' dir='ltr'><strong>eum</strong></span> <span class='ocrx_word' id='word_1_375' title='bbox 595 3940 650 4005; x_wconf 82' lang='lat' dir='ltr'><strong>his</strong></span> <span class='ocrx_word' id='word_1_376' title='bbox 672 3939 821 4026; x_wconf 81' lang='lat' dir='ltr'><strong>legitime</strong></span> <span class='ocrx_word' id='word_1_377' title='bbox 845 3938 1108 4024; x_wconf 73' lang='lat' dir='ltr'><strong>appendentibus</strong></span> <span class='ocrx_word' id='word_1_378' title='bbox 1121 3988 1131 4014; x_wconf 87' lang='lat'>,</span> <span class='ocrx_word' id='word_1_379' title='bbox 1144 3939 1182 4003; x_wconf 93' lang='lat' dir='ltr'><strong>in</strong></span> <span class='ocrx_word' id='word_1_380' title='bbox 1204 3958 1322 4023; x_wconf 85' lang='lat' dir='ltr'><strong>puram</strong></span> <span class='ocrx_word' id='word_1_381' title='bbox 1343 3944 1379 4004; x_wconf 87' lang='lat' dir='ltr'><strong>et</strong></span> 
     </span>
     <span class='ocr_line' id='line_1_38' title="bbox 167 4036 1379 4128; baseline -0.005 -20"><span class='ocrx_word' id='word_1_382' title='bbox 167 4049 357 4128; x_wconf 87' lang='lat' dir='ltr'><strong>perpetuam</strong></span> <span class='ocrx_word' id='word_1_383' title='bbox 380 4041 612 4108; x_wconf 73' lang='lat' dir='ltr'><strong>eleemosinam</strong></span> <span class='ocrx_word' id='word_1_384' title='bbox 634 4061 742 4105; x_wconf 82' lang='lat' dir='ltr'><strong>meam</strong></span> <span class='ocrx_word' id='word_1_385' title='bbox 758 4044 937 4125; x_wconf 74' lang='lat' dir='ltr'><strong>,paeterm</strong></span> <span class='ocrx_word' id='word_1_386' title='bbox 957 4037 1052 4102; x_wconf 83' lang='lat' dir='ltr'><strong>trado</strong></span> <span class='ocrx_word' id='word_1_387' title='bbox 1072 4088 1083 4115; x_wconf 89' lang='lat'><em>,</em></span> <span class='ocrx_word' id='word_1_388' title='bbox 1104 4036 1191 4102; x_wconf 90' lang='lat' dir='ltr'><strong>dono</strong></span> <span class='ocrx_word' id='word_1_389' title='bbox 1212 4088 1222 4114; x_wconf 87' lang='lat'>‚</span> <span class='ocrx_word' id='word_1_390' title='bbox 1246 4044 1281 4102; x_wconf 90' lang='lat' dir='ltr'><strong>et</strong></span> <span class='ocrx_word' id='word_1_391' title='bbox 1302 4058 1379 4103; x_wconf 88' lang='lat' dir='ltr'><strong>eon·</strong></span> 
     </span>
     <span class='ocr_line' id='line_1_39' title="bbox 168 4139 1381 4228; baseline -0.002 -19"><span class='ocrx_word' id='word_1_392' title='bbox 168 4145 259 4210; x_wconf 83' lang='lat' dir='ltr'><strong>firmo</strong></span> <span class='ocrx_word' id='word_1_393' title='bbox 274 4146 398 4211; x_wconf 88' lang='lat' dir='ltr'><strong>eisdem</strong></span> <span class='ocrx_word' id='word_1_394' title='bbox 420 4144 590 4210; x_wconf 74' lang='lat' dir='ltr'><strong>monna-bis</strong></span> <span class='ocrx_word' id='word_1_395' title='bbox 611 4143 673 4208; x_wconf 70' lang='lat' dir='ltr'><strong>lias</strong></span> <span class='ocrx_word' id='word_1_396' title='bbox 694 4142 914 4228; x_wconf 66' lang='lat' dir='ltr'><strong>pommsiones</strong></span> <span class='ocrx_word' id='word_1_397' title='bbox 936 4140 1041 4207; x_wconf 88' lang='lat' dir='ltr'><strong>eidem</strong></span> <span class='ocrx_word' id='word_1_398' title='bbox 1064 4140 1211 4206; x_wconf 88' lang='lat' dir='ltr'><strong>coenobio</strong></span> <span class='ocrx_word' id='word_1_399' title='bbox 1225 4161 1267 4206; x_wconf 86' lang='lat' dir='ltr'><strong>ex</strong></span> <span class='ocrx_word' id='word_1_400' title='bbox 1281 4139 1381 4207; x_wconf 80' lang='lat' dir='ltr'><strong>donu-</strong></span> 
     </span>
    </p>

    <p class='ocr_par' dir='ltr' id='par_1_9' title="bbox 83 4239 1441 4632">
     <span class='ocr_line' id='line_1_40' title="bbox 83 4239 1383 4331; baseline 0.001 -24"><span class='ocrx_word' id='word_1_401' title='bbox 83 4316 86 4321; x_wconf 48' lang='grc'>,</span> <span class='ocrx_word' id='word_1_402' title='bbox 167 4243 403 4331; x_wconf 84' lang='lat' dir='ltr'><strong>tioneantiqua</strong></span> <span class='ocrx_word' id='word_1_403' title='bbox 419 4265 590 4329; x_wconf 83' lang='lat' dir='ltr'><strong>procerum</strong></span> <span class='ocrx_word' id='word_1_404' title='bbox 611 4243 704 4327; x_wconf 81' lang='lat' dir='ltr'><strong>regui</strong></span> <span class='ocrx_word' id='word_1_405' title='bbox 717 4242 785 4307; x_wconf 86' lang='lat' dir='ltr'><strong>mei</strong></span> <span class='ocrx_word' id='word_1_406' title='bbox 806 4241 848 4306; x_wconf 92' lang='lat' dir='ltr'><strong>ab</strong></span> <span class='ocrx_word' id='word_1_407' title='bbox 870 4241 948 4305; x_wconf 89' lang='lat' dir='ltr'><strong>olim</strong></span> <span class='ocrx_word' id='word_1_408' title='bbox 972 4239 1383 4325; x_wconf 71' lang='lat' dir='ltr'><strong>dependentee‚ridelieet</strong></span> 
     </span>
     <span class='ocr_line' id='line_1_41' title="bbox 168 4338 1383 4427; baseline -0.001 -21"><span class='ocrx_word' id='word_1_409' title='bbox 168 4341 203 4406; x_wconf 91' lang='lat' dir='ltr'><strong>in</strong></span> <span class='ocrx_word' id='word_1_410' title='bbox 217 4343 444 4409; x_wconf 88' lang='lat' dir='ltr'><strong>Linoolnsbire</strong></span> <span class='ocrx_word' id='word_1_411' title='bbox 467 4344 504 4407; x_wconf 93' lang='lat' dir='ltr'><strong>in</strong></span> <span class='ocrx_word' id='word_1_412' title='bbox 528 4341 752 4427; x_wconf 73' lang='lat' dir='ltr'><strong>Spondolinge</strong></span> <span class='ocrx_word' id='word_1_413' title='bbox 772 4341 810 4422; x_wconf 89' lang='lat' dir='ltr'><strong>iij</strong></span> <span class='ocrx_word' id='word_1_414' title='bbox 834 4345 1003 4405; x_wconf 77' lang='lat' dir='ltr'><strong>eurueatas</strong></span> <span class='ocrx_word' id='word_1_415' title='bbox 1023 4346 1118 4405; x_wconf 78' lang='lat' dir='ltr'><strong>terrm</strong></span> <span class='ocrx_word' id='word_1_416' title='bbox 1140 4340 1176 4403; x_wconf 89' lang='lat' dir='ltr'><strong>in</strong></span> <span class='ocrx_word' id='word_1_417' title='bbox 1198 4338 1383 4405; x_wconf 85' lang='lat' dir='ltr'><strong>Pineebeok</strong></span> 
     </span>
     <span class='ocr_line' id='line_1_42' title="bbox 169 4440 1441 4527; baseline -0.005 -18"><span class='ocrx_word' id='word_1_418' title='bbox 169 4463 268 4511; x_wconf 87' lang='lat' dir='ltr'><strong>unam</strong></span> <span class='ocrx_word' id='word_1_419' title='bbox 297 4454 484 4513; x_wconf 79' lang='lat' dir='ltr'><strong>mmmmm</strong></span> <span class='ocrx_word' id='word_1_420' title='bbox 510 4451 606 4511; x_wconf 69' lang='lat' dir='ltr'><strong>terrm</strong></span> <span class='ocrx_word' id='word_1_421' title='bbox 627 4494 638 4521; x_wconf 84' lang='lat'>‚</span> <span class='ocrx_word' id='word_1_422' title='bbox 659 4444 697 4509; x_wconf 91' lang='lat' dir='ltr'><strong>in</strong></span> <span class='ocrx_word' id='word_1_423' title='bbox 723 4441 910 4527; x_wconf 80' lang='lat' dir='ltr'><strong>Coppelade</strong></span> <span class='ocrx_word' id='word_1_424' title='bbox 932 4442 969 4525; x_wconf 88' lang='lat' dir='ltr'><strong>iij</strong></span> <span class='ocrx_word' id='word_1_425' title='bbox 999 4448 1167 4507; x_wconf 76' lang='lat' dir='ltr'><strong>aerumma</strong></span> <span class='ocrx_word' id='word_1_426' title='bbox 1194 4446 1288 4505; x_wconf 79' lang='lat' dir='ltr'><strong>teme</strong></span> <span class='ocrx_word' id='word_1_427' title='bbox 1312 4440 1381 4524; x_wconf 73' lang='lat' dir='ltr'><strong>‚vj</strong></span> <span class='ocrx_word' id='word_1_428' title='bbox 1434 4479 1441 4493; x_wconf 88' lang='lat'><strong>·</strong></span> 
     </span>
     <span class='ocr_line' id='line_1_43' title="bbox 169 4539 1384 4632; baseline -0.006 -18"><span class='ocrx_word' id='word_1_429' title='bbox 169 4546 304 4616; x_wconf 80' lang='lat' dir='ltr'><strong>bovatae</strong></span> <span class='ocrx_word' id='word_1_430' title='bbox 324 4557 418 4616; x_wconf 73' lang='lat' dir='ltr'><strong>terre</strong></span> <span class='ocrx_word' id='word_1_431' title='bbox 442 4557 479 4615; x_wconf 90' lang='lat' dir='ltr'><strong>et</strong></span> <span class='ocrx_word' id='word_1_432' title='bbox 507 4548 555 4632; x_wconf 82' lang='lat' dir='ltr'><strong>xij</strong></span> <span class='ocrx_word' id='word_1_433' title='bbox 581 4566 675 4612; x_wconf 78' lang='lat' dir='ltr'><strong>aeras</strong></span> <span class='ocrx_word' id='word_1_434' title='bbox 703 4545 791 4631; x_wconf 83' lang='lat' dir='ltr'><strong>prati</strong></span> <span class='ocrx_word' id='word_1_435' title='bbox 820 4564 896 4609; x_wconf 87' lang='lat' dir='ltr'><strong>eum</strong></span> <span class='ocrx_word' id='word_1_436' title='bbox 925 4543 1062 4610; x_wconf 82' lang='lat' dir='ltr'><strong>eeclesia</strong></span> <span class='ocrx_word' id='word_1_437' title='bbox 1090 4541 1237 4626; x_wconf 72' lang='lat' dir='ltr'><strong>ejusdem</strong></span> <span class='ocrx_word' id='word_1_438' title='bbox 1260 4539 1384 4607; x_wconf 77' lang='lat' dir='ltr'><strong>villae.</strong></span> 
     </span>
    </p>
   </div>
   <div class='ocr_carea' id='block_1_4' title="bbox 0 0 1876 5300">
    <p class='ocr_par' dir='ltr' id='par_1_10' title="bbox 0 0 1876 5300">
     <span class='ocr_line' id='line_1_44' title="bbox 0 0 1876 5300; baseline 0 0"><span class='ocrx_word' id='word_1_439' title='bbox 0 0 1876 5300; x_wconf 95' lang='lat' dir='ltr'><strong> </strong></span> 
     </span>
    </p>
   </div>
  </div>
 </body>
</html>
