3758 5318
181 324 252 374 an.
266 286 365 392 957]v
596 322 734 374 moram
756 324 799 374 m
821 324 995 376 wunsam

155 675 157 681 ·
187 655 285 719 100L
309 651 415 715 Grani
437 653 475 735 by
491 651 582 735 Kiaq
596 652 732 738 Emlwiq
746 664 777 720 to
803 658 884 721 Bata
898 659 1010 741 Aobey,
1025 659 1066 742 os
1086 657 1168 722 laad
1188 664 1224 722 ot
1244 658 1339 734 Fani,
1361 679 1401 722 or

354 755 524 871 Batbsorai,
538 778 617 820 acar
631 758 726 836 Balla,
740 781 782 823 oa
797 762 846 823 tic
860 762 958 825 Rivcr
971 762 1076 836 Atera,
1089 781 1131 879 co.
1148 761 1302 826 manea
1337 774 1402 826 u).

354 854 429 921 9⁰⁷·
694 944 749 1008 Dc
771 918 907 1010 Foaoa.
1318 906 1326 912 Β

233 1079 403 1161 Regnante
418 1076 453 1139 in
464 1085 659 1162 perpetuum
675 1079 807 1144 domino
821 1089 932 1146 nostru
949 1082 1056 1146 Jhesn
1072 1081 1224 1148 christo.
1241 1078 1401 1144 Omnibus

190 1197 331 1259 namque
355 1175 558 1259 sapientibus
587 1185 702 1241 notum
724 1200 763 1243 ac
785 1176 996 1244 manfiestum
1022 1188 1149 1245 constat
1175 1229 1183 1245 .
1206 1177 1293 1264 quod
1312 1177 1402 1241 dicta

190 1277 301 1338 futura
314 1274 369 1339 vel
392 1276 479 1338 iacta
492 1295 551 1358 pm
565 1275 744 1361 multiplici
763 1299 995 1361 erumpnarum
1010 1278 1253 1362 perturbatione
1267 1282 1302 1341 et
1315 1277 1401 1360 cogi·

190 1375 353 1437 tationum
367 1373 538 1456 vagatione
559 1375 745 1457 frequenter
760 1397 800 1441 ex
819 1379 975 1441 memoria
998 1377 1178 1442 recedunt.
1194 1375 1258 1439 nisi
1276 1374 1400 1438 littera-

192 1493 267 1536 mm
287 1471 435 1555 apicibus
458 1479 493 1535 et
515 1473 669 1538 custodia
684 1474 812 1539 cautela
834 1484 1043 1541 reserventur
1063 1524 1072 1540 .
1095 1483 1130 1540 et
1151 1473 1193 1539 ad
1214 1472 1402 1538 memoriam
1456 1501 1461 1509 ·

190 1576 409 1637 revocentur.

237 1671 361 1735 Iccirco
387 1691 446 1754 ego
465 1670 594 1755 Etupro
609 1722 618 1736 .
633 1693 690 1737 rex
715 1673 897 1757 Anglorum
920 1683 1174 1756 catenarumque
1195 1670 1341 1756 gentium
1366 1665 1421 1733 in‘

193 1769 332 1833 circuitu
355 1769 600 1852 persistentium
624 1771 821 1854 gubernator
842 1793 883 1837 ex
904 1780 1031 1836 rector.
1047 1770 1205 1836 cenobitis
1227 1767 1403 1833 consisten-
1480 1819 1484 1826 .

193 1869 281 1933 tibus
295 1877 394 1951 atque
409 1868 481 1932 Deo
503 1869 720 1934 servientibus
746 1869 782 1933 in
802 1870 998 1935 monasterio
1020 1869 1125 1934 sancti
1141 1867 1230 1931 Petri
1243 1864 1404 1950 apostolo-
1489 1916 1495 1921 .

194 1991 267 2034 mm
281 1970 437 2054 principis
452 1970 586 2054 quodin
602 1971 765 2035 Bathonia
779 1974 862 2036 mira
878 1973 1000 2036 fabrica
1022 1976 1246 2034 constructum
1271 1985 1403 2052 cognos

195 2069 304 2132 citur.
318 2084 343 2131 x
358 2118 365 2132 .
381 2089 512 2132 mansas
534 2089 593 2152 pro
616 2069 722 2135 salute
752 2079 852 2155 atque
873 2070 1017 2135 remedio
1038 2069 1156 2132 animae
1188 2087 1266 2132 meae
1287 2085 1404 2150 perpe·

195 2167 329 2230 tualiter
352 2167 514 2231 concedo.
530 2188 607 2232 oum
623 2189 782 2233 consensu
797 2190 943 2234 meorum
958 2166 1165 2232 hemicorum
1180 2215 1188 2229 .
1203 2171 1237 2228 et
1250 2163 1407 2248 petitione

197 2265 262 2328 mei
290 2265 468 2330 venerandi
494 2268 671 2333 sacerdotis
701 2268 875 2353 Putrem
904 2318 912 2333 .
943 2267 979 2330 in
1008 2265 1080 2330 loco
1115 2265 1172 2328 ubi
1201 2264 1408 2347 antiquorum

197 2363 301 2426 relatu
324 2365 512 2427 nominatur
526 2382 577 2429 er
591 2366 710 2430 fortun
725 2417 733 2443 ‚
748 2373 788 2430 ut
809 2368 853 2430 sit
867 2365 1021 2449 praedicta
1043 2363 1176 2427 donatio
1197 2361 1352 2426 immunis
1365 2359 1409 2425 ab

196 2467 283 2528 omni
298 2467 401 2531 fiscali
423 2469 547 2532 tributo
562 2520 570 2533 .
586 2478 621 2534 et
640 2471 792 2554 vectigali
812 2470 912 2555 regali
928 2519 936 2534 .
951 2476 1088 2552 excepto
1110 2465 1275 2530 communi
1295 2464 1407 2527 labora

199 2564 564 2650 expeditionispontis.
575 2568 724 2652 arcisque
739 2569 939 2632 munimine.
951 2560 1407 2646 cnmonmibusquaesibirite

198 2661 362 2744 pertinent
376 2713 383 2726 .
400 2671 468 2727 tam
495 2666 529 2728 in
558 2666 712 2750 Campis.
728 2668 832 2750 pratis
848 2714 857 2730 .
873 2667 1002 2750 pascuis
1023 2682 1278 2746 ‚nemommquc
1300 2657 1409 2724 densi·

199 2762 288 2824 tate.
303 2781 402 2843 quam
424 2763 460 2824 in
481 2764 609 2846 magnis
623 2772 659 2828 et
681 2765 716 2828 in
738 2764 907 2830 minimis.
924 2764 959 2829 Si
977 2763 1053 2847 quis
1078 2782 1156 2826 roro
1177 2761 1238 2826 hoc
1261 2767 1410 2825 nostrum

199 2858 341 2921 karisma
361 2860 473 2943 aliqua
497 2861 739 2927 machinatione
761 2863 938 2946 infringere
961 2869 1100 2926 conatus
1126 2860 1253 2924 fuerit.
1278 2857 1410 2922 veniam

200 2977 264 3019 non
279 2957 334 3021 hic
349 2969 513 3023 mereatur
529 2962 665 3025 ‚necin
682 2962 792 3026 lutum
808 2964 899 3046 regni
922 2961 1065 3026 coelestis
1087 2958 1286 3043 clavigerum
1301 2956 1410 3040 propi·

201 3058 285 3120 tium
306 3058 425 3123 habeat
445 3064 455 3119 t
478 3060 542 3123 nisi
565 3061 656 3143 prius
677 3062 732 3127 hic
756 3062 799 3126 ad
823 3063 1081 3126 satisfactionem
1103 3058 1215 3124 venire
1235 3055 1411 3122 maluerit.

201 3155 280 3218 Istis
295 3157 442 3221 terminis
456 3158 526 3222 haec
541 3159 641 3224 tellus
656 3162 779 3225 ambita
794 3161 926 3226 videtur
941 3208 952 3225 .

244 3254 432 3318 Divisioncs.
462 3256 516 3341 pis
532 3257 617 3340 synd
631 3262 673 3345 ba
686 3259 765 3323 land
779 3282 919 3345 gemaera
933 3266 968 3323 bo
983 3257 1090 3322 foma
1104 3305 1113 3320 .
1128 3253 1290 3320 AErestol
1304 3253 1412 3319 Alana

202 3351 342 3434 andlang
356 3362 446 3417 straet
461 3376 503 3418 on
520 3359 601 3438 pane
616 3379 702 3423 anne
716 3368 791 3423 stan
806 3410 814 3424 .
830 3360 868 3423 of
884 3364 955 3441 bam
975 3365 1069 3421 stane
1091 3376 1134 3418 on
1148 3353 1296 3417 beonnan
1314 3351 1413 3417 lehc.

204 3450 250 3512 Ol
260 3450 408 3514 beonnm
430 3453 505 3517 lebe
527 3455 628 3519 innan
651 3458 771 3542 paeler.
788 3458 943 3541 Andlang
964 3457 1062 3541 paler
1083 3475 1127 3517 on
1149 3451 1280 3538 pibpuht
1299 3449 1413 3534 leuga.

206 3546 251 3611 Oi
269 3549 400 3632 pibyrbt
413 3551 505 3636 lcage
520 3575 562 3618 on
582 3556 675 3622 bnaes
696 3558 788 3641 laage
803 3608 810 3623 .
828 3558 874 3623 Oi
885 3558 977 3622 huaes
997 3555 1088 3638 leage
1104 3573 1147 3616 on
1162 3569 1287 3614 cunuca
1299 3547 1415 3634 leuge.

206 3645 252 3708 Oi
263 3668 387 3711 tarouca
402 3649 493 3733 laage
508 3660 546 3717 ut
560 3675 602 3718 on
618 3657 735 3721 aiene.

208 3842 224 3904 I
249 3745 331 3907 {llaec
345 3755 434 3813 carta
448 3752 570 3836 scripta
585 3765 638 3820 est
651 3778 737 3820 anno
752 3755 922 3819 dominice
938 3748 1171 3816 incarnationis
1184 3797 1193 3812 .
1207 3758 1417 3811 mccctvw.

228 3864 248 3906 u
273 3844 390 3913 'ctione
403 3899 412 3913 .
427 3853 507 3915 η’.

337 3981 405 4065 Ego
420 3983 545 4070 Eadpig
559 4009 616 4052 rex
632 3989 814 4072 Anglorum
830 3980 1105 4049 indeclinabiliter
1119 3977 1284 4042 concessi.
1299 3978 1359 4058 *1⁴-

340 4080 408 4162 Ego
423 4083 553 4168 Endgar
566 4087 712 4167 ejusdem
728 4087 813 4170 regis
829 4086 930 4147 irater
944 4080 1093 4144 celeriter
1107 4077 1277 4141 consensi.
1293 4076 1335 4155 ᾧ
1345 4122 1368 4167 ,ἱ

340 4176 409 4259 Ego
425 4180 497 4244 Odo
524 4185 799 4269 Archiepiscopus
825 4203 900 4246 cum
930 4181 1024 4263 signo
1048 4183 1169 4241 sanctae
1199 4174 1304 4239 crucis
1326 4173 1421 4239 robo-

472 4281 543 4344 ravi
557 4331 566 4345 .
584 4285 626 4364 '1⁴
640 4334 649 4348 .

341 4372 410 4456 Ego
426 4376 589 4445 lfllsinns
600 4382 711 4466 presul
727 4381 872 4466 sigillum
888 4398 969 4463 agye
984 4375 1091 4441 crucis
1105 4372 1255 4458 impressi
1271 4372 1360 4452 ³1⁴.

344 4471 412 4554 Ego
428 4475 600 4558 Byrhtelm
615 4483 787 4568 opiscopus
802 4475 993 4544 confirmati
1007 4523 1016 4538 .
1031 4476 1072 4557 *1⁴
1089 4522 1098 4539 .

344 4567 412 4653 Ego
429 4573 572 4668 Ccnpald
588 4582 760 4666 episcopus
774 4576 947 4664 acquieii.
963 4576 1004 4657 ’1⁴
1020 4622 1030 4639 .
