3684 5310
243 301 302 350 ao.
318 287 409 370 948]
653 301 786 349 umaro
808 302 850 351 ro
871 302 1031 352 ummo.
1141 314 1158 370 j
1281 318 1284 324 ·

374 458 442 542 Ego
459 457 604 543 Vulisige
614 456 789 542 episcopus
803 456 969 525 conclusi.
987 520 990 526 .

374 556 443 640 Fgo
459 556 656 642 AEbel[s]tan
671 557 775 621 Dux.

376 655 445 737 Ego
461 655 579 719 Fadric
592 655 672 718 Dux
688 702 699 719 .
742 697 745 704 ·
819 678 821 683 ·
978 655 1047 739 Fgo
1062 653 1253 741 AEpelgemd
1267 654 1439 721 minister.

377 752 447 836 Ego
462 753 665 837 AElel[s]tan
680 753 760 815 Dux
776 801 784 816 .
984 752 1051 837 ligo
1067 752 1192 838 Vulfric
1206 753 1356 818 minister
1371 799 1381 820 .

377 849 447 934 Ego
465 850 600 935 Vulfgar
614 851 721 916 Dux.
799 863 802 869 ’
981 851 1050 935 Ego
1063 849 1190 916 AEliric
1203 851 1374 916 minister.

274 969 290 994 ·
378 948 447 1031 Ego
463 947 615 1011 Falhelm
630 948 710 1010 Dux
726 997 735 1012 .
982 949 1051 1033 ligo
1065 949 1229 1034 AEbelnoli
1243 949 1414 1015 minister.

379 1046 448 1128 Ego
464 1045 661 1130 AEbolmund
677 1046 756 1109 Dux
771 1093 781 1111 .
983 1046 1051 1131 Ego
1065 1047 1231 1134 AEbelsige
1244 1048 1394 1113 minister
1407 1095 1416 1112 .

381 1142 452 1225 Ego
467 1143 595 1226 AEligar
609 1143 688 1206 Dux
703 1190 713 1207 .
983 1145 1052 1230 Ego
1067 1145 1241 1231 Byrbtsige
1256 1145 1427 1211 minister.

382 1240 452 1324 Ego
468 1240 642 1305 Fadmund
657 1240 829 1307 minister.
984 1244 1053 1327 Qo
1068 1243 1226 1308 AEliheah
1241 1243 1409 1310 minister.
1493 1313 1497 1321 ,

382 1338 451 1420 Ego
468 1339 611 1402 AElistau
626 1339 798 1403 minister.
982 1341 1050 1424 Ego
1067 1340 1193 1406 AElired
1208 1340 1379 1407 minister.

384 1435 452 1519 &o
468 1436 595 1519 Vuliric
610 1437 781 1503 minister.
982 1439 1051 1522 Ego
1065 1439 1205 1525 AEpered
1219 1439 1390 1506 minister.

381 1535 452 1618 Ego
466 1534 603 1620 AElssige
618 1535 768 1601 minister
984 1537 1053 1622 Ego
1067 1536 1194 1602 Eodred
1209 1587 1217 1603 .
1232 1536 1403 1604 minister.

277 1695 326 1746 [kl
335 1696 392 1739 Bria
403 1696 542 1745 sinamur.
551 1700 600 1741 318.
611 1699 771 1748 lbmmt.
879 1700 1047 1813 [li-ltzelmble.
1056 1700 1109 1744 001.
1122 1702 1196 1755 nipe..
1210 1702 1255 1747 No.
1270 1712 1367 1746 mm
1375 1717 1383 1756 ς
1394 1702 1457 1745 iton

255 2089 329 2154 866.
353 2090 457 2154 Gra-nt
481 2093 520 2175 by
542 2092 633 2176 Kiup
670 2094 799 2158 Eudrcd
828 2100 860 2159 'to
882 2095 931 2158 tlte
956 2095 1046 2178 turpe
1075 2093 1223 2177 Wtdsric‚
1252 2095 1292 2177 os
1318 2093 1398 2158 latui
1425 2100 1461 2158 ot

387 2189 561 2353 {tgrtgge
575 2213 612 2256 or
633 2192 809 2271 Stumuore,
822 2194 860 2257 in
875 2193 1006 2271 Badeo,
1019 2214 1099 2255 amr
1112 2191 1279 2276 Neretum,
1292 2212 1332 2257 co.
1347 2191 1459 2258 Barke.

521 2424 637 2489 crura
658 2426 765 2490 Reors
787 2426 916 2490 Eorum
939 2441 984 2489 nr.
1005 2424 1210 2490 Srsuumr.

304 2538 501 2605 innomine
529 2540 593 2605 Dei
615 2541 736 2604 summi
765 2540 979 2606 subtilissima
1003 2540 1125 2604 mentis
1153 2539 1330 2607 certatione
1355 2542 1465 2607 Deum

261 2657 358 2721 quern
373 2637 540 2722 diligimus
554 2645 588 2704 et
605 2639 767 2704 credimus
790 2639 906 2704 intima
920 2638 1040 2704 mentis
1053 2637 1225 2703 affectione
1240 2636 1463 2725 timeb'mus]

262 2756 407 2800 amemus
417 2741 426 2797 Ξ
435 2737 513 2820 quia
527 2737 674 2821 agonista
687 2745 798 2803 sancte
814 2737 1041 2822 predicationis
1056 2736 1202 2801 hortator
1215 2735 1316 2803 talem
1330 2739 1467 2822 protulit

262 2836 460 2899 sententiam
475 2835 587 2900 diceus
601 2885 610 2900 .
624 2844 641 2869 “
654 2837 774 2901 omnia¹
790 2836 910 2920 nuda]
926 2843 1038 2920 aperta
1055 2843 1134 2900 sunt
1151 2856 1258 2901 coram
1269 2837 1371 2903 oculis
1385 2838 1467 2903 Dei’

261 2952 281 3017 3
298 2933 405 2998 aluce
421 2934 526 3017 prima
545 2956 648 3019 usque
671 2936 882 3000 conticinium
904 2936 1160 3019 uniuscujusque
1173 2943 1267 3002 actus
1288 2936 1476 3022 prospicit.

308 3032 450 3117 ldeocgo
457 3032 1322 3120 RsuueousrexAnglorumoeterorumquegentiumin
1330 3034 1469 3101 circuitu

266 3130 510 3214 persistentimn
530 3133 728 3215 gubernator
746 3140 781 3198 et
801 3140 905 3198 rector
926 3132 1055 3198 cuidam
1070 3154 1142 3198 meo
1155 3133 1305 3199 ministro
1319 3154 1358 3200 ao
1371 3134 1471 3200 militi

178 3268 181 3273 -
266 3230 382 3313 quiin
404 3252 462 3296 sue
484 3231 665 3297 uoluntatis
686 3253 725 3297 ac
746 3232 927 3298 devotionis
948 3232 1102 3316 obsequio
1124 3253 1251 3316 semper
1280 3232 1411 3298 intendo
1433 3253 1471 3299 ao

267 3327 433 3411 implendo
444 3338 578 3415 paratus
592 3351 631 3395 ao
645 3339 815 3416 promptus
830 3331 894 3395 fuit
908 3330 964 3415 qui
985 3331 1026 3394 ab
1039 3330 1247 3395 incunabulis
1266 3351 1324 3396 sue
1338 3331 1472 3396 infanti·

267 3425 372 3492 litatis
395 3449 461 3493 non
477 3429 612 3494 fortuito
631 3435 682 3494 set
696 3429 865 3495 uoluntate
888 3435 1061 3513 pareutum
1072 3447 1191 3494 nomon
1206 3429 1353 3514 accepit.
1385 3428 1472 3514 Vm.-

268 3541 344 3591 rnrc
365 3577 373 3591 .
396 3527 516 3612 dapsili
537 3528 702 3593 dedit-ione
723 3528 887 3612 quandam
909 3534 1035 3612 partem
1056 3526 1141 3591 ruris
1162 3527 1302 3592 libenter
1322 3527 1398 3592 dedi
1415 3526 1474 3591 ubi

264 3625 457 3707 jamdudum
469 3627 599 3692 solicole
608 3627 698 3691 illius
708 3627 846 3710 regionis
859 3646 974 3690 nomen
984 3625 1475 3709 mposuemnsmsrmmrar.

270 3723 464 3809 Magnitudo
486 3733 595 3791 autem
617 3725 708 3790 illius
734 3732 818 3790 terre
840 3725 935 3808 juxta
961 3722 1200 3789 estimationem
1224 3723 1308 3788 circa
1336 3723 1475 3790 eundem

270 3822 379 3888 locum
394 3824 581 3910 degentium
596 3831 688 3889 tanta
703 3846 774 3890 esse
795 3824 949 3888 asseritur
971 3829 1132 3907 quantum
1146 3822 1198 3887 bis
1216 3821 1335 3906 quinas
1348 3843 1475 3889 manse·

272 3942 345 3987 rum
359 3924 504 4008 spatium
519 3944 604 4008 equa
618 3924 825 3989 demensione
847 3923 914 3988 iore
929 3924 1073 3988 cernitur
1087 3970 1095 3985 .
1109 3921 1230 3987 babeat
1244 3942 1283 3986 so
1295 3921 1477 4006 possideat.

272 4023 431 4106 prefatam
445 4023 604 4108 dapsilem
617 4023 826 4088 donationem
840 4020 997 4107 quamdiu
1005 4019 1116 4084 titalis
1127 4019 1224 4085 flatus
1235 4040 1366 4086 carnem
1379 4040 1476 4087 mun·

273 4121 359 4186 dana
372 4123 550 4208 imgilitate
572 4129 757 4206 corruptam
772 4120 889 4186 aluerit
904 4169 911 4184 .
927 4120 1011 4186 Cum
1033 4124 1144 4182 autem
1166 4117 1237 4183 dies
1258 4118 1479 4186 dissolutionis

275 4240 333 4286 sue
352 4222 522 4288 advenerit
535 4244 600 4309 quo
620 4223 661 4287 de
681 4220 883 4306 corruptibili
898 4221 968 4284 vita
982 4219 1024 4283 ad
1041 4218 1321 4303 incorruptibilem
1340 4217 1479 4283 beatitu-

214 4347 216 4350 ⁴
275 4319 386 4386 dinem
400 4322 588 4408 migraverit
601 4372 610 4388 .
626 4320 689 4386 cui
702 4319 766 4384 sibi
774 4319 856 4385 libet
869 4318 981 4385 heredi
996 4319 1067 4383 sine
1077 4315 1147 4381 ullo
1160 4316 1328 4382 obstaculo
1340 4315 1479 4381 derelin-

276 4429 357 4508 qnat
377 4424 414 4490 in
435 4432 581 4491 eternam
602 4423 845 4490 hereditatem.
868 4421 920 4487 Sit
936 4428 1046 4485 autem
1067 4418 1249 4504 predictum
1270 4438 1327 4484 rus
1339 4416 1478 4483 liberum

778 4556 788 4592 ¹
806 4558 884 4609 liebr.
895 4557 922 4609 ir
944 4558 985 4608 18.
