3684 5310
141 339 203 389 an.
219 318 309 402 949]
561 331 695 380 sanasu
716 333 759 382 no
781 331 942 381 anama
1300 320 1346 385 29

184 492 256 559 rm
278 488 433 554 vrueuoa
457 446 638 554 sabinae
660 488 822 554 nortuum
844 493 961 554 norum
982 488 1026 554 aa
1045 488 1134 554 auno
1156 489 1349 556 consenum

141 590 323 679 legentibus
339 587 427 672 ‘1¹¹0d
441 608 499 653 lex
514 587 660 671 Prolatus
674 589 775 654 tercio
789 608 951 653 annorum
972 587 1129 653 laterculo
1150 607 1216 671 qno
1229 587 1350 672 regati,
1412 670 1414 674 μ
1529 584 1533 591 ·

142 693 333 763 sublimavit
347 689 532 756 diademata
544 691 692 775 paschali
714 691 954 776 sollempuitate
976 691 1012 755 iu
1034 689 1114 754 villa
1135 689 1350 755 famosissima

142 821 205 886 quo
234 795 362 880 andgeri
399 794 556 859 vocabulo
593 795 784 860 Sumuntur(
816 801 1025 880 nuncupatur
1054 793 1124 859 Deo
1153 793 1350 859 eoncedente

143 895 335 981 triumphali
349 892 517 980 signaculo
530 893 593 960 hoo
607 894 848 978 prerogativnm
863 892 1094 980 perpetualiter
1107 891 1349 978 perfruentibus

144 996 333 1065 roboravit.

386 1121 1099 1177 rrr.w.a.nt.w5nno·uts.aaemmu.rta1ro.aw.
1233 1120 1236 1125 ’

147 1497 221 1568 877.
253 1496 358 1562 θωπί
372 1496 412 1580 by
430 1496 522 1580 Jfiap
535 1495 666 1560 Erulrcd
689 1503 719 1560 to
740 1495 887 1576 Wrrlfric,
907 1495 947 1580 of
963 1495 1043 1560 laad
1064 1501 1100 1559 al
1121 1495 1353 1580 Wdiqsordm

283 1595 327 1658 W
323 1594 434 1673 elsord,
455 1616 496 1660 co.
515 1595 625 1671 Barla,
643 1616 721 1658 arear
740 1594 906 1678 d'crcoary,
920 1595 959 1659 in
985 1595 1137 1678 caritatem
1148 1595 1209 1679 sor
1221 1594 1303 1658 laad
1315 1601 1352 1658 at

276 1695 439 1777 Peudyftp,
449 1695 488 1759 ia
504 1693 673 1760 Oormcall.
717 1710 788 1760 Aa).
800 1694 875 1760 949.

192 1829 233 1910 ᾖ
255 1827 299 1891 In
312 1826 495 1892 aeternitate
509 1826 646 1912 perenni
660 1825 760 1892 cosmi
775 1825 885 1890 sother
901 1825 1010 1891 omnia
1021 1825 1097 1909 jura
1115 1845 1287 1911 regnomm
1308 1822 1352 1889 ab

144 1925 210 1991 alto
224 1925 295 1991 ercli
306 1923 449 1990 culmine
462 1925 646 2010 gubernans
660 1945 699 1990 ac
713 1924 889 2009 disponens
895 1924 956 2015 ¹qui
971 1924 1102 2008 quidem
1113 1923 1257 1990 scientiae
1265 1922 1352 1987 dona

146 2023 355 2089 monstrando
377 2022 602 2090 indeficienter
623 2022 822 2108 conspicitur
843 2023 958 2090 caelum
973 2044 1012 2089 ao
1025 2031 1145 2089 terram
1158 2043 1353 2107 eamposque

147 2128 309 2213 liquentes
323 2126 554 2211 lucentemque
568 2126 702 2210 globum
717 2126 806 2191 lunae
820 2127 1003 2212 titaniaque
1018 2133 1106 2192 astra
1122 2147 1181 2192 sua
1195 2125 1354 2191 ineffabili

149 2227 253 2313 gratia
265 2226 410 2292 retinens
425 2247 463 2292 ac
477 2225 687 2293 custodiens.

190 2327 395 2411 Quapropter
421 2346 479 2411 ego
501 2325 688 2390 Eannenus
721 2372 730 2391 .
755 2322 868 2388 divina
892 2321 1080 2407 indulgente
1099 2321 1270 2388 elementia
1294 2343 1354 2389 rex

147 2426 329 2511 Anglorum
343 2476 351 2492 .
368 2424 499 2491 cuidam
514 2424 597 2489 mihi
611 2423 730 2489 intimo
745 2422 962 2506 precordialis
977 2422 1095 2486 affeetu
1109 2422 1227 2487 amoris
1240 2422 1330 2488 fideli
1343 2471 1354 2487 .

147 2526 246 2591 imruo
274 2531 310 2590 et
338 2524 509 2610 privilegio
538 2523 725 2588 dilectionis
752 2521 788 2585 in
817 2521 970 2585 omnibus
998 2521 1080 2584 mihi
1109 2541 1183 2586 earu
1211 2522 1355 2587 vocitato

147 2623 277 2688 nonriue
291 2673 299 2688 .
311 2624 526 2688 Vvvrrruco.
537 2638 623 2687 xrrrr
636 2640 786 2686 ,mansas
797 2619 890 2683 dedi.
901 2619 937 2683 in
948 2618 1006 2683 illo
1016 2618 1086 2684 loeo
1095 2618 1152 2684 ubi
1159 2619 1352 2704 jamdudum

47 2761 50 2767 ·
148 2720 276 2786 solicole
290 2722 379 2787 illius
401 2720 541 2806 regionis
563 2741 681 2785 nonrcn
697 2719 910 2804 inposuerunt
925 2765 936 2784 .
950 2734 1001 2782 aar
1014 2718 1135 2784 Wsue
1150 2735 1257 2785 ronna
1270 2773 1279 2787 .
1294 2742 1354 2807 pro

148 2821 400 2886 commutatione
415 2821 550 2886 alterius
564 2826 658 2884 terne
681 2839 754 2902 quac
775 2817 840 2882 sita
852 2815 924 2882 ‘est‘
939 2816 974 2881 in
997 2818 1158 2884 Oomubio
1181 2828 1353 2887 narratur.

148 2918 205 2983 ubi
226 2919 364 2984 ruricola
386 2920 477 2985 illius
498 2919 574 3005 pagi
595 2917 763 2983 laorbarioo
784 2915 917 2983 nomine
939 2917 1105 3002 appellant
1125 2969 1134 2985 .
1157 2920 1354 2987 Purus-ne.
1458 2911 1462 2918 ’

149 3024 309 3100 quatenus
322 3018 442 3082 lrabeat
456 3037 495 3082 eo
505 3015 670 3102 possideat
678 3015 837 3099 quamdiu
847 3015 939 3079 vivat
953 3064 962 3081 .
976 3021 1011 3080 et
1024 3023 1098 3101 post
1111 3037 1146 3083 se
1160 3019 1356 3104 cuicumque

149 3115 211 3180 sibi
237 3115 371 3181 libuerit
392 3115 561 3201 superstiti
587 3114 793 3198 derelinquat
818 3115 855 3178 in
874 3121 1027 3179 aeternam
1048 3115 1282 3183 hereditatem.
1304 3119 1357 3185 Sit

66 3264 68 3269 ,
149 3220 258 3279 autem
281 3215 473 3300 praedictum
487 3235 544 3280 rus
558 3213 642 3278 liber
663 3213 706 3278 ab
727 3213 817 3277 omni
839 3214 998 3279 mundiali
1017 3214 1182 3281 obstaculo
1196 3238 1272 3282 eum
1286 3239 1357 3281 orn·

149 3312 245 3379 nibus
269 3313 312 3380 ad
337 3335 373 3379 se
397 3314 461 3380 rite
483 3312 724 3398 pertinentibus
745 3360 754 3378 .
773 3312 897 3397 eampis
911 3362 920 3380 .
934 3312 1062 3398 pascuis
1076 3365 1084 3380 .
1099 3317 1201 3399 pratis
1215 3363 1225 3381 .
1239 3316 1334 3382 siluis

150 3420 284 3499 excepto
305 3412 472 3479 communi
492 3413 602 3478 labore
624 3411 857 3497 expeditione.
875 3414 984 3498 pontis
1006 3464 1014 3481 .
1036 3415 1160 3481 arcisve
1180 3416 1357 3481 coedifica-

152 3510 265 3580 tione.

195 3610 230 3675 Si
250 3610 324 3696 quis
350 3631 427 3677 vero
450 3609 622 3674 hominnm
647 3607 732 3672 hanc
758 3628 865 3673 meam
889 3608 1096 3676 donationem
1115 3631 1190 3677 oum
1208 3613 1359 3678 stultitia

153 3710 335 3776 amentata
354 3708 535 3794 jactitando
558 3708 735 3792 infringere
757 3709 932 3774 certaverit
952 3710 1018 3775 .sit
1038 3710 1108 3794 ipse
1128 3712 1281 3797 gravibus
1301 3732 1361 3797 per

153 3805 235 3871 oolla
245 3808 417 3893 depressus
428 3807 552 3873 eatenis
563 3807 651 3871 iuter
661 3805 897 3871 flammivomas
906 3813 1062 3873 tetrorum
1073 3807 1246 3876 demonum
1257 3819 1361 3876 oeter-

153 3923 211 3970 vaa
224 3955 234 3974 .
248 3908 313 3972 nisi
327 3908 418 3993 prius
431 3906 488 3972 hic
502 3906 544 3971 ad
559 3904 816 3971 satisfactionem
830 3905 940 3972 venire
954 3906 1128 3976 maluerit.

196 4005 277 4072 Istis
290 4007 485 4083 terminibus
499 4004 655 4090 praedicta
670 4009 756 4069 terra
771 4003 1009 4090 circumgyrato
1030 4026 1100 4072 esse
1113 4006 1262 4074 videtur.
1305 4007 1363 4094 pis

108 4098 113 4104 ’
154 4111 232 4186 synt
254 4109 296 4191 lu
320 4105 399 4170 land
420 4125 558 4191 gemero
580 4111 615 4168 to
636 4102 837 4188 peligiordn.
852 4111 947 4169 areat
968 4106 1005 4170 ol
1022 4104 1115 4191 pines
1136 4113 1242 4194 treopo
1262 4105 1363 4193 plang

153 4198 235 4268 dens
248 4206 314 4291 liant
327 4225 374 4289 up
387 4224 431 4269 ou
445 4207 527 4291 lune
540 4223 599 4287 peg
613 4204 721 4288 panon
742 4222 785 4266 on
807 4201 931 4267 bradan
950 4201 1041 4290 lenge
1062 4207 1160 4293 norPe
1173 4207 1303 4293 pennlre
1316 4228 1361 4272 on

154 4317 238 4385 anne
252 4303 329 4369 luam
343 4325 363 4387 J
377 4307 485 4391 ponne
499 4300 584 4387 path
598 4306 638 4365 ut
650 4302 734 4386 pone
747 4300 800 4364 lea
818 4319 861 4364 on
877 4321 962 4367 anne
984 4302 1061 4368 ham
1076 4307 1153 4388 sule
1167 4305 1304 4393 peerdne
1317 4326 1362 4371 on

155 4402 194 4485 1⁷²
219 4403 335 4469 ealdan
359 4405 441 4491 hege
466 4424 549 4490 raepe
572 4403 608 4467 in
632 4422 676 4467 on
698 4400 792 4486 popig
821 4399 967 4488 hangran
995 4404 1032 4469 oi
1049 4409 1123 4490 tarn
1150 4407 1296 4495 hangran
1317 4430 1362 4475 on

156 4504 286 4592 acdling
314 4506 461 4594 hangran
491 4511 599 4592 Ponon
627 4524 670 4570 on
700 4501 824 4569 bradan
855 4502 933 4569 ham
960 4508 1188 4593 pestepeardno
1215 4532 1259 4577 on
1286 4515 1362 4600 pum
1439 4507 1443 4514 ’

155 4601 286 4675 bamma
307 4630 351 4676 on
377 4610 496 4676 eordan
521 4609 605 4693 hlaep
629 4628 674 4673 on
695 4612 768 4694 paui
793 4604 896 4689 hirspe
916 4628 961 4673 on
982 4607 1175 4677 limbnrnan
1195 4614 1364 4702 bononup
