3684 5310
7 4492 188 5246 l

177 338 240 386 ao.
254 322 348 408 948]
488 395 491 401 ,
540 344 650 392 norrun
671 342 715 393 ro
736 344 912 393 cuormxn
934 339 1051 392 inam.
1349 322 1393 391 19

313 498 380 579 Ego
397 498 538 581 perarma
563 502 800 565 Lundoniensis
814 501 965 564 aecclesia
979 501 1149 584 episeopus
1164 498 1366 562 eormhoraii
1382 561 1393 577 ,

312 596 379 679 Ego
395 598 570 664 Aiiiheach
585 599 809 685 Pintoniensis
831 598 982 663 aecelesiae
1003 599 1174 682 episeopus
1192 596 1393 661 testudinem

443 704 564 761 saneta}
579 700 684 763 crucis
699 698 875 782 subscripsi
891 704 925 761 et
938 697 1151 761 confirmari.

309 792 378 877 Ego
394 794 564 862 Centruald
578 799 748 882 episoipua
762 796 909 861 consensi
924 846 933 860 .

311 892 380 976 Ego
394 894 517 959 AEisrie
536 898 706 981 episeopus
722 895 934 961 confirmavi.

310 990 381 1074 Ego
394 992 569 1077 Ethelgar
583 997 754 1080 episcopus
767 994 968 1058 corroboravi
983 1041 994 1060 .

312 1090 382 1173 Ego
396 1092 472 1155 AEzr·
474 1094 527 1157 red
543 1095 714 1178 episcopus
728 1093 915 1158 confirmavi
929 1142 939 1157 .

313 1188 382 1272 Ego
396 1191 495 1254 il'lisi
511 1195 682 1278 episcopus
696 1192 859 1258 conclusi.

398 1289 628 1357 AEthclstanus
642 1293 710 1355 dux
726 1342 734 1356 .
923 1291 1065 1355 AEllstsn
1081 1341 1090 1355 .

399 1388 514 1453 AEdric
528 1389 596 1454 dux
611 1441 620 1456 .
921 1390 1061 1454 ll'llrie.

398 1486 588 1552 AEtlrelstun
602 1489 671 1552 dux
686 1538 694 1553 .
924 1487 1136 1552 AEtlrelnoth.

402 1585 518 1669 ngar
532 1588 600 1652 dux
614 1637 623 1653 .
925 1587 1084 1670 AElisige.

407 1685 580 1750 Ballrlrelln
598 1687 691 1752 dux.
923 1685 1065 1751 Wllric.

402 1784 618 1851 AEthelmuud
632 1787 723 1851 dux.
925 1783 1135 1870 AEthelgerd.

404 1883 519 1967 AElgar
533 1884 600 1949 dux
616 1935 624 1950 .
925 1881 1085 1947 AEliheuh
1099 1932 1109 1948 .

404 1984 576 2048 AEtlmund
591 1984 763 2050 minister.
923 1982 1091 2046 AEtherio.
1104 1978 1271 2045 ministri.

238 2158 292 2209 [NJ
303 2160 352 2202 us,
363 2160 481 2203 Somni.
493 2161 712 2213 mammatae.
820 2153 1403 2211 [x.1xenute,o·avi‚1„r<aeeoexxm;nu

871 2223 923 2273 [k]
950 2222 1096 2265 noum
1103 2220 1129 2261 lu
1137 2220 1185 2261 roi.
1194 2219 1228 2267 iu.
1235 2229 1260 2271 1¹.
1268 2220 1317 2260 fl.

597 2438 1009 2452 —ow

274 2645 349 2713 872.
374 2644 509 2711 Oliortcr
519 2646 558 2728 os
576 2645 667 2726 Kiny
683 2643 789 2706 llrlretl
804 2650 836 2705 to
847 2642 1009 2726 Oroylnvul
1019 2643 1127 2728 Attey.
1172 2663 1236 2711 ao.
1252 2646 1328 2710 948.

236 2790 307 2854 Pax
322 2791 356 2854 in
367 2812 504 2855 summm
512 2791 684 2855 Trinitatis
693 2782 825 2854 nomine
839 2789 944 2854 Patris
954 2797 989 2854 et
1000 2791 1077 2854 Filii
1088 2799 1123 2857 et
1131 2793 1274 2877 Spiritus
1282 2792 1405 2857 saneti.

195 2890 326 2956 Amen.
373 2891 441 2974 Ego
456 2892 618 2954 Evoenus
633 2912 690 2954 rex
706 2897 854 2954 terrenus
878 2891 939 2954 sub
967 2890 1127 2975 imperiali
1151 2895 1301 2978 potentia
1321 2893 1407 2976 regis

195 2988 387 3053 seculorum
397 2990 576 3074 aeternique
587 2989 765 3074 principis,
781 3010 906 3073 magnae
918 2989 1097 3055 Britanniae
1105 2997 1223 3056 tenens
1231 2992 1405 3077 imperinm

185 3092 371 3175 ‘temporale
388 3145 396 3170 ,
411 3094 572 3158 universis
594 3093 792 3158 Christiania
815 3099 882 3156 tam
906 3094 1113 3178 presentibus
1126 3115 1226 3178 quam
1241 3096 1407 3180 posteris,

197 3187 312 3254 salutis
326 3191 523 3255 beneficium
538 3192 572 3256 in
588 3198 701 3257 autore
717 3190 857 3258 salutis.
1044 3252 1048 3259 .

239 3287 344 3354 Vobis
370 3290 495 3375 liqueat
521 3291 674 3356 omnibus
703 3290 791 3374 quod
821 3311 879 3375 por
901 3289 1052 3355 devotam
1070 3292 1319 3376 ‘naggestionem
1343 3344 1353 3370 ,
1373 3300 1408 3358 et

199 3389 404 3475 frequentem
419 3393 682 3478 prouocationem
699 3393 813 3459 dilecti
828 3393 936 3459 elerici
952 3401 986 3458 et
1007 3395 1137 3479 cognati
1156 3395 1221 3459 mei
1235 3395 1408 3460 Turketuli

198 3490 279 3556 mihi
307 3493 429 3557 factam
451 3515 549 3578 snper
572 3493 775 3578 reparatione
791 3545 800 3571 ,
814 3492 1049 3557 restauratione
1071 3501 1106 3557 et
1125 3488 1409 3559 libertate-sacro·

198 3600 319 3656 sonctae
335 3592 489 3658 Ecclesia
505 3646 513 3671 ‚
527 3600 562 3657 et
579 3594 765 3657 monasterii
782 3593 1062 3658 Cnounaxnuusm
1084 3592 1119 3655 in
1141 3612 1208 3677 quo
1228 3593 1406 3657 recondite

201 3698 278 3754 sunt
293 3690 440 3775 reliquie
456 3692 561 3757 sancti
577 3690 734 3756 Gutlrlaci
749 3691 941 3756 confessoris
960 3695 995 3754 et
1008 3689 1204 3754 anachoritae
1224 3710 1291 3754 non
1305 3692 1409 3755 modi·

202 3804 276 3851 oum
297 3789 451 3854 condolui
473 3797 508 3855 ut
529 3809 716 3872 compassus
739 3809 811 3853 sum
833 3796 900 3852 tum
924 3809 982 3872 pro
1007 3786 1260 3871 depopulatione
1290 3798 1411 3854 sanotae

202 3886 315 3952 matris
337 3888 480 3953 ecelesias
503 3909 602 3974 quana
624 3908 683 3972 pro
705 3885 922 3950 diminutione
944 3886 1173 3950 beneficiorum
1188 3886 1410 3970 spiritualium
1450 3944 1454 3951 .

202 4004 261 4069 pro
287 3992 459 4058 animabus
483 3990 773 4077 primogenitorum
800 4009 944 4053 meomrn
970 4008 1028 4074 ppr
1057 4009 1156 4073 opero
1184 3988 1413 4055 misericordia·

79 4140 85 4169 4
204 4087 432 4173 multipliciter
447 4096 481 4155 et
494 4091 682 4173 frequenter
696 4088 842 4171 impensa
858 4138 866 4163 ,
880 4086 1023 4152 recolens
1037 4086 1085 4152 ibi
1107 4086 1291 4152 ooeuobiunr
1305 4088 1413 4173 nigro-

74 4186 87 4273 ζ
204 4206 273 4253 rum
291 4192 523 4257 monachorum
539 4191 663 4257 ordinis
678 4191 783 4255 sancti
795 4189 964 4255 Benedicti
978 4210 999 4263 a
1014 4189 1116 4254 nobili
1128 4210 1203 4275 rege
1216 4189 1414 4256 Merciomm

206 4288 232 4352 Ε
233 4290 399 4359 tlrclbaldo
429 4295 562 4362 nomine
596 4293 761 4379 quondam
801 4292 961 4357 Alwionie
997 4292 1067 4356 lilio
1105 4313 1176 4358 esse
1206 4291 1415 4370 fundatum,

207 4428 258 4453 .....
207 4390 376 4458 tmuenter
391 4394 559 4474 ditatum,
572 4401 607 4459 et
621 4413 677 4478 reg
658 4392 785 4457 nalitus
799 4391 979 4475 privilegiis
1001 4390 1200 4455 sufficienter
1223 4390 1414 4472 munitum,

208 4495 341 4577 rtpo‘r
333 4498 568 4581 inspectionem
584 4502 747 4561 cartarum
768 4490 913 4576 ejusdem
934 4490 1122 4556 Etlrelbaldi
1144 4490 1187 4555 ad
1208 4492 1416 4558 securitatem

208 4592 366 4664 dictorum
396 4600 631 4665 monachorum
656 4596 945 4749 compositorum,
973 4593 1054 4659 sutis
1083 4600 1154 4659 erat
1182 4592 1319 4660 oonsilio
1344 4612 1418 4661 meo

1228 4697 1287 4761 ct
