3684 5310
220 349 285 399 ιο.
299 320 391 415 956]
628 346 764 395 nanruo
785 347 830 395 ro
851 346 1038 396 ornarem.

230 700 301 763 986.
326 698 430 761 Grout
450 701 489 781 hp
506 700 598 783 Kirrp
613 702 748 782 Bodrrip
766 708 796 765 to
819 702 870 763 his
893 700 1021 763 arlatino
1043 701 1218 783 Bprhtehn,
1232 700 1437 785 Btrtopetoet

359 798 398 879 qs
423 796 522 874 mlh,
539 801 579 882 os
592 800 672 863 tamt
693 807 728 863 ot
750 800 854 875 Stoico,
868 798 920 879 (l)
934 796 1261 875 stercoritae-wald,
1281 819 1322 897 oo.
1338 796 1439 863 otoo·

361 904 461 962 cester.
504 912 568 962 nn.
584 900 657 964 956.

309 1058 348 1139 ›1‹
372 1056 664 1142 tantoperest.
688 1072 773 1121 rnna
796 1071 858 1121 noc
879 1072 931 1119 ner
953 1056 1057 1140 Sropn
1077 1058 1121 1139 pn
1141 1054 1271 1141 Enoprc
1292 1071 1375 1123 cmo

396 1172 568 1221 oroocoor
590 1158 796 1221 Brnnrrnnn
817 1172 875 1220 ms
897 1170 1000 1219 usur
1020 1170 1066 1220 ox
1088 1170 1152 1219 scs
1171 1170 1280 1222 rnre.

344 1255 459 1321 Caura
481 1256 590 1319 Eoun
614 1272 712 1319 naors
733 1270 863 1319 coenan
887 1270 997 1318 rmom
1020 1268 1199 1319 concessu·
1219 1269 1323 1319 rsrmr

626 1370 785 1419 rarrnnn.
830 1354 884 1417 Da
906 1354 1047 1419 Sroun.

284 1506 307 1601 ξ
329 1507 462 1571 Summo
476 1507 573 1573 almae
587 1514 621 1571 et
635 1506 814 1571 individuae
828 1505 985 1569 trinitatis
999 1504 1169 1571 lat-imino.
1183 1504 1341 1592 Egnefflns
1353 1526 1444 1593 sym·

239 1605 391 1689 phonista
415 1614 535 1670 sanetae
558 1606 797 1691 paredicationis
818 1605 964 1670 hortator
977 1604 1077 1668 talem
1092 1603 1233 1689 protulit
1246 1606 1444 1672 sententiam

241 1704 351 1767 dicens
365 1754 373 1767 .
385 1704 530 1769 “Omnia
546 1705 644 1769 nuda¹
661 1711 781 1769 suntet
793 1709 903 1787 aperta
918 1723 1023 1767 corani
1034 1702 1160 1767 ‹hinrini
1172 1702 1275 1767 oculis
1288 1710 1324 1769 et
1336 1724 1358 1769 a
1370 1703 1447 1771 lnoe

242 1803 344 1886 prima
372 1824 475 1887 nsque
503 1803 545 1868 ad
571 1803 782 1868 conticinium
812 1802 909 1865 nnius
939 1800 1096 1885 cujusque
1125 1808 1219 1866 ectus
1247 1802 1447 1887 pmspicit”.

243 1901 320 1965 Ideo
346 1923 404 1985 ego
430 1904 572 1966 Ennn'ro
596 1903 698 1966 totius
723 1900 874 1965 Albionis
904 1898 1019 1962 insulae
1043 1898 1283 1965 illustrissimus
1308 1902 1448 1969 archoos
1498 1936 1501 1941 ·

243 2000 370 2063 cnidarn
386 2021 529 2065 meorum
542 2001 711 2065 charorum
727 1999 979 2083 pmpinqnornnr
991 1996 1049 2081 qui
1064 2018 1123 2081 per
1131 1997 1193 2063 Dei
1208 1999 1449 2083 providentiam

244 2098 285 2162 ad
300 2099 512 2183 episcopalem
527 2099 663 2183 gradum
678 2098 801 2163 electus
822 2117 945 2160 necnon
966 2095 1205 2175 predestinatus
1220 2096 1358 2163 feliciter
1371 2120 1450 2165 oon·

245 2198 428 2282 seendit.[
734 2194 749 2283 ]
797 2196 980 2258 urrunnu
995 2245 1003 2259 .
1017 2210 1065 2259 r.
1088 2214 1217 2261 mansas
1236 2196 1272 2261 in
1293 2206 1450 2263 eternam

246 2298 456 2364 stabilitatem
478 2300 619 2364 concessi
642 2298 729 2384 apud
750 2297 856 2362 locuni
872 2297 928 2359 uhi
952 2295 1079 2379 vulgari
1100 2296 1223 2363 dicitur
1242 2300 1377 2365 nornine
1397 2316 1452 2365 atr
1546 2296 1556 2305 ”
1575 2302 1583 2389 j
1629 2282 1653 2299 ”
1683 2290 1687 2297 ’

248 2398 351 2483 Saepe
372 2408 410 2463 nt
432 2400 500 2462 rita
521 2400 639 2463 comite
653 2400 737 2462 sieut
751 2406 903 2481 optamus
917 2395 1101 2479 possideat.
1117 2394 1132 2481 [
1437 2399 1454 2489 1

247 2506 321 2581 post
342 2499 517 2561 discessum
544 2519 620 2562 vero
643 2498 693 2560 sui
718 2502 889 2579 componat
914 2494 1107 2558 eetemaliter
1132 2514 1231 2577 quern
1255 2495 1455 2564 desiderarit

248 2595 397 2659 heredem
414 2596 474 2659 sihi
490 2617 564 2659 cuna
583 2596 733 2659 ornnihus
756 2592 810 2677 [ad
832 2592 919 2675 carri]
941 2592 1004 2657 rite
1026 2592 1267 2676 pertinentibus
1282 2646 1291 2660 .
1305 2598 1454 2683 eampis.

249 2695 377 2778 pascuis
392 2746 399 2758 .
415 2695 517 2778 pratis
533 2744 540 2758 .
555 2694 647 2758 silvis
662 2744 669 2757 .
684 2691 900 2775 expeditionis
915 2692 1024 2774 pontis
1039 2699 1073 2756 et
1087 2692 1171 2757 arcis
1189 2713 1256 2757 non
1277 2716 1395 2780 expers
1408 2697 1456 2763 sit

250 2794 309 2857 hoc
324 2793 445 2855 donnnr
461 2793 517 2857 sod
532 2801 710 2857 ceterarum
730 2811 859 2853 rerum.
882 2789 916 2852 Si
939 2790 1013 2873 quis
1035 2809 1112 2854 vero
1134 2792 1306 2875 tyrannice
1320 2794 1457 2862 inflatus

250 2902 407 2978 potestate
423 2896 596 2978 infringere
611 2893 819 2977 temptaverit
833 2892 931 2975 hujus
947 2893 1048 2957 nostri
1063 2892 1185 2959 decreti
1207 2894 1457 2983 chirographum

252 2995 331 3057 sciat
347 3015 380 3057 se
396 3015 502 3057 corani
519 2994 647 3058 Christo
661 3000 694 3056 et
709 2992 843 3075 angelis.
855 2992 926 3073 ejus
947 2990 982 3054 in
998 2991 1166 3056 tremendo
1187 2994 1338 3061 examine
1359 2996 1460 3062 intio-

252 3113 325 3156 neni
343 3093 545 3157 redditurum
560 3093 623 3157 nisi
639 3092 700 3155 hoc
714 3092 806 3175 prius
821 3090 993 3155 emendare
1008 3091 1165 3177 satagerit
1180 3140 1190 3157 .

296 3192 375 3255 Istis
390 3192 537 3257 terminis
552 3191 695 3256 ambitur
709 3190 863 3273 praedicta
879 3188 997 3255 tellus.

297 3291 351 3376 pis
367 3291 433 3353 sint
447 3294 488 3377 ha
501 3290 578 3354 land
594 3310 731 3375 gemaero
746 3290 780 3351 in
797 3298 832 3353 to
846 3297 956 3375 stope.

297 3388 409 3453 AErest
423 3392 460 3454 ol
478 3394 550 3473 pain
566 3389 683 3473 halgan
698 3388 802 3473 pylles
818 3388 909 3452 forda
932 3388 994 3451 suli
1016 3388 1159 3472 andlang
1180 3390 1332 3477 pretlinga
1353 3400 1463 3461 strate

255 3510 296 3551 on
310 3487 434 3551 hlndan
451 3488 552 3574 pylles
568 3489 671 3573 [hroe]
686 3508 706 3571 3
722 3489 799 3571 lang
820 3488 932 3552 broces
947 3509 990 3551 on
1012 3490 1052 3574 pa
1072 3488 1240 3569 fyrdstnet
1254 3510 1274 3573 3
1288 3490 1368 3577 lang
1381 3496 1464 3579 pere

256 3594 345 3650 stru-t
359 3608 400 3651 on
415 3591 455 3674 pa
469 3593 543 3676 opre
559 3598 651 3652 straet
665 3610 685 3671 J
700 3587 777 3671 lang
792 3592 873 3672 heere
888 3594 977 3650 straet
992 3608 1033 3649 on
1049 3584 1247 3652 ramboldes²
1259 3589 1343 3655 dene
1357 3590 1465 3656 adnue

257 3686 271 3770 [
575 3688 657 3774 prl
673 3688 780 3751 adnne
795 3708 815 3769 3
830 3687 906 3769 lang
921 3694 1076 3749 streames
1091 3684 1141 3749 ert
1161 3706 1205 3750 on
1226 3686 1348 3773 halgan
1361 3688 1467 3775 pylles

258 3786 328 3851 iord
343 3838 351 3853 .

301 3887 381 3952 Haec
395 3894 482 3951 carto
498 3888 617 3972 scripta
632 3893 682 3951 est
693 3887 791 3950 Anno
802 3884 971 3949 dominicae
982 3883 1214 3950 incarnationis
1228 3937 1237 3951 .
1252 3902 1357 3952 nocco
1369 3938 1379 3954 .
1393 3904 1469 3957 m.

259 3985 436 4050 indictione
450 4036 458 4050 .
473 4002 567 4051 xlm·
581 4037 590 4053 .

391 4117 431 4196 *1⁴
455 4115 524 4199 Ego
538 4114 672 4199 Eadrrig
687 4136 744 4179 rex
761 4114 940 4201 Anglormn
957 4115 1231 4183 indeclinabiliter
1243 4120 1413 4187 concessi.

393 4218 433 4296 »Β
458 4213 527 4299 Ego
543 4216 668 4299 Fadgar
682 4214 828 4297 ejusdem
843 4216 927 4298 regis
941 4214 1041 4279 irater
1055 4218 1205 4282 consensi
1220 4268 1230 4284 .

398 4316 437 4394 ᾧ
461 4314 528 4393 Ego
544 4312 686 4397 Ceupald
701 4315 872 4398 episeopus
887 4314 1099 4400 consignavi.

397 4414 437 4493 *1⁴
461 4413 530 4493 Ego
545 4412 678 4495 Oseptel
694 4413 864 4497 episcopus
879 4414 1065 4478 confirmavi
1080 4462 1090 4481 .

494 4614 502 4645 ¹
520 4615 625 4675 Munda,
638 4611 674 4663 Κ.
1085 4619 1097 4651 ⁸
1112 4614 1198 4673 liunt,
1211 4613 1248 4665 l(-
