3758 5318
144 401 207 451 no.
222 381 311 467 956]
564 397 700 446 sanum
721 397 765 447 ro
787 398 919 449 rueme
1282 386 1346 455 175

277 558 316 637 ἦ(
339 555 407 638 Ego
422 553 559 638 AElisige
576 553 749 621 minister.
837 558 877 636 υἷε
902 556 971 641 Ego
986 558 1155 624 Brilrtterd
1169 558 1343 624 minister.

209 710 212 716 .
277 657 317 734 ›1‹
342 654 408 735 Ego
425 649 746 734 pultric'minister.
835 657 874 736 ›1‹
899 656 968 739 Ego
983 656 1115 742 Alipold
1138 657 1311 721 minister.

277 754 316 833 ›1‹
340 752 407 834 Ego
423 751 614 837 AElrelgeard
626 752 791 816 minister.
836 755 877 834 ᾧ
901 754 970 833 Ego
986 755 1114 839 AEltgar
1126 756 1300 822 minister.

278 853 318 930 »Β
341 851 410 934 Ego
425 851 579 914 AEllheah
590 851 762 915 minister.
840 855 880 932 »Β
904 853 973 936 Ego
988 854 1105 918 AEliric
1119 854 1291 918 minister.

279 952 319 1029 »Β
343 950 411 1031 Ego
424 948 566 1033 AEltsige
580 949 752 1014 minister.
840 954 880 1031 »Β
903 951 971 1034 Qo
986 951 1155 1036 AEtelpold
1170 951 1341 1017 minister.

279 1051 318 1128 ›1‹
343 1048 410 1132 Ego
426 1047 556 1112 Uullric
578 1049 750 1114 minister.
838 1051 877 1131 ›1‹
901 1050 972 1133 Ego
988 1049 1124 1135 Vulsgar
1138 1051 1312 1116 minister.

280 1149 320 1227 ›1‹
345 1146 414 1230 Ego
430 1146 583 1210 AEllheah
598 1147 769 1213 minister.
839 1150 879 1229 ᾖ
903 1148 972 1232 Ego
987 1147 1115 1213 AEllred
1128 1148 1301 1213 minister.

152 1285 202 1335 [k]
212 1285 260 1325 HS.
269 1282 361 1331 Certen,
369 1281 483 1322 Clundinr
492 1282 519 1323 B.
529 1281 562 1329 rt.
571 1280 590 1322 t.
600 1282 634 1324 47.
775 1280 825 1332 [8.]
844 1282 922 1323 (Ἄπι.
938 1285 1044 1335 Attnyd„
1059 1285 1099 1327 ed,
1116 1287 1258 1334 surenam,
1275 1285 1322 1329 nt.
1339 1284 1359 1333 t,

152 1349 201 1399 [8.]
224 1345 272 1386 MS.
295 1347 386 1394 cottom
405 1344 518 1385 Claudius
539 1345 565 1386 G.
588 1344 620 1390 tx,
641 1343 660 1385 t.
681 1345 730 1386 ru.
824 1357 848 1397 p.
868 1347 919 1396 Νς
938 1347 972 1399 es.
989 1347 1037 1388 rot.
1054 1348 1081 1399 u,
1097 1359 1122 1400 p.
1141 1349 1189 1398 ⁸1³.
1206 1349 1245 1390 ter
1260 1348 1317 1391 dete
1332 1346 1360 1390 et

201 1408 344 1450 Boundsrier
352 1410 378 1447 et
386 1406 403 1447 t.
416 1406 474 1447 ltu.
827 1408 963 1452 nemra.
972 1419 1024 1451 ω.
1031 1411 1081 1454 0⁵⁸.

153 1473 203 1525 [tt]
220 1470 325 1520 [temeto.
340 1470 390 1511 cod.
406 1469 478 1520 Dipt.
488 1468 530 1511 Ne.
548 1479 654 1519 rrcxcrr3
668 1466 731 1510 trum

201 1534 242 1587 [A.
257 1533 295 1583 Β]

154 1817 226 1882 932.
250 1815 352 1879 Graot
376 1815 415 1899 ty
428 1813 518 1898 Kinq
533 1814 669 1897 Radere
683 1823 714 1880 to
737 1816 787 1879 tire
808 1815 900 1899 idean
913 1815 1044 1893 Budroe,
1058 1819 1099 1902 of
1114 1817 1196 1882 tund
1208 1823 1244 1880 at
1259 1815 1353 1880 Moeri

509 1935 549 1978 ce.
565 1914 803 1998 Sentiat-ruptore
847 1929 910 1978 nn.
926 1915 1001 1980 956.

236 2051 301 2115 Dis
323 2066 354 2114 is
377 2055 464 2136 pann
485 2101 493 2116 .
517 2067 538 2115 n
559 2101 566 2114 .
591 2067 675 2115 iuna
697 2068 761 2117 noc
783 2069 834 2116 nr
856 2052 991 2117 bisons
1011 2055 1055 2140 pn
1078 2053 1185 2138 Enple
1206 2069 1289 2118 cure

349 2167 531 2214 oniroconn
547 2151 698 2215 Emmcn
713 2168 771 2216 nis
785 2157 904 2238 pnes-r
919 2169 964 2216 ox
979 2169 1042 2218 rer
1055 2170 1161 2218 rurs.

198 2269 363 2351 Reguaute
387 2268 419 2329 in
444 2273 638 2351 perpetuum
660 2267 793 2332 domino
819 2275 928 2333 nostro
950 2269 1058 2334 Jlresu
1082 2268 1215 2334 Christe
1229 2317 1239 2334 .
1253 2269 1362 2333 Socre¹

159 2375 264 2431 autem
293 2367 461 2449 scriptura>
490 2373 524 2429 et
554 2367 660 2430 edicta
691 2367 767 2429 tona
796 2367 1031 2432 catholicorum
1060 2375 1191 2452 patrum
1217 2388 1278 2431 nos
1306 2366 1365 2431 nd·

159 2473 287 2530 monent
303 2473 339 2528 ut
354 2486 512 2529 memores
527 2463 628 2529 simus
644 2465 907 2549 quandoquidem
922 2467 1126 2531 transeuntis
1140 2465 1257 2529 mundi
1267 2464 1365 2530 uicis·

157 2565 261 2628 situdo
283 2563 411 2628 cotidiae
433 2585 491 2647 per
513 2564 712 2627 incrementa
733 2571 917 2647 temporum
939 2565 1115 2629 crescendo
1134 2564 1294 2628 decrescit
1307 2612 1317 2629 .
1330 2571 1366 2628 et

157 2662 337 2746 ampliando
352 2663 513 2726 minuitur
528 2713 535 2726 .
551 2663 908 2746 cresbreseentibusque
928 2657 1109 2747 repentinis
1128 2664 1293 2727 veriorum
1314 2663 1366 2726 in·

157 2782 283 2826 cursum
311 2760 417 2825 ruinis
447 2761 577 2824 vicinus
606 2761 681 2823 finis
711 2761 871 2824 terminus
901 2782 971 2825 esse
1000 2762 1129 2826 cunctis
1155 2762 1192 2825 in
1217 2761 1367 2846 proximo

159 2866 318 2931 cernitur.
335 2865 460 2929 Idcirco
480 2866 575 2929 vanis
597 2884 635 2928 ac
657 2863 884 2929 transibilibus
911 2864 1009 2929 rebus
1040 2885 1196 2929 mensura
1229 2863 1369 2929 celestis

160 2966 269 3050 patria
284 2965 407 3048 premia
422 2963 593 3027 mereande
608 2971 709 3027 sunt.

204 3065 404 3146 Quapropter
422 3083 479 3146 ego
503 3063 633 3147 Eurus
660 3084 717 3125 rex
743 3061 924 3145 Anglornm
939 3066 1205 3145 ceterarumque
1218 3060 1369 3145 gentium
1474 3058 1477 3064 ’

161 3164 193 3226 in
227 3165 364 3227 circuitu
403 3163 650 3245 persistentium
680 3162 876 3248 grilerrrator
905 3170 940 3225 et
976 3168 1112 3226 rector.
1134 3160 1265 3226 cuidam
1296 3179 1370 3224 mee

163 3262 245 3326 fideli
284 3262 433 3326 ministro
471 3262 613 3326 vocitato
646 3261 779 3325 nomine
814 3261 966 3324 Enornco
999 3311 1008 3325 .
1041 3260 1203 3344 medicem
1241 3265 1370 3344 partem

162 3373 250 3430 terne
272 3417 279 3430 .
302 3365 343 3429 Id
369 3374 419 3430 est
449 3417 456 3430 .
487 3382 537 3429 1..
561 3385 692 3428 mansas
722 3363 864 3428 concedo
894 3363 928 3427 in
958 3362 1018 3427 illo
1047 3361 1119 3428 loco
1152 3362 1210 3426 ubi
1232 3359 1370 3425 ruricole

165 3463 358 3546 appellativo
395 3485 456 3528 usu
493 3464 750 3546 ludibundisque
788 3462 954 3527 uocabulis
995 3482 1115 3526 nornen
1148 3461 1373 3525 indiderunt.

165 3578 213 3626 er
238 3565 363 3627 llll-:dnn
385 3616 392 3630 .
414 3565 569 3648 quintinus
593 3563 649 3627 ille
672 3563 755 3626 bene
777 3562 964 3646 perimatur
985 3582 1024 3626 ac
1046 3560 1281 3645 perpetualiter
1298 3578 1373 3642 pos-

165 3663 264 3728 sideat
288 3664 366 3728 dum
396 3664 495 3747 hujus
524 3663 667 3726 labentis
697 3663 760 3726 zeii
790 3682 920 3725 cursum
951 3667 1097 3725 transeat
1125 3660 1251 3724 inlesus
1273 3667 1373 3742 etque
1473 3657 1479 3665 ’

164 3761 271 3828 vitalis
297 3765 432 3848 spiritus
458 3764 492 3827 in
524 3761 726 3845 corruptibili
754 3762 844 3825 cami
868 3760 1017 3824 inherent
1043 3767 1210 3843 ,etpost
1239 3778 1275 3823 se
1304 3757 1374 3822 cui·

166 3881 298 3947 cumque
319 3864 459 3928 noluerit
478 3863 589 3927 beredi
613 3862 819 3945 derelinquat
833 3860 931 3924 sicuti
946 3859 1148 3943 prediximus
1163 3859 1198 3921 in
1218 3863 1374 3920 aetemum

166 3960 374 4029 hereditatem
399 4011 408 4027 .
433 3963 480 4028 Sit
493 3961 623 4026 'antem'
637 3962 828 4045 pnedicturn
840 3981 896 4023 rus
905 3959 1046 4023 liberum
1059 3959 1101 4021 ab
1110 3958 1200 4020 omni
1214 3954 1375 4020 mundiali

167 4061 326 4127 obstaculo
339 4086 413 4128 cum
424 4063 576 4127 omnibus
588 4083 659 4145 qum
671 4061 711 4123 ad
723 4061 830 4143 ipsum
842 4058 950 4121 locum
962 4057 1126 4141 pertinere
1141 4055 1375 4118 dinoscuntur.
1447 4072 1452 4078 ·

167 4166 230 4224 tam
252 4163 286 4226 in
309 4164 434 4248 magnis
450 4183 547 4246 quam
564 4163 598 4225 in
614 4158 749 4224 modicis
767 4159 884 4222 rebus.
900 4157 1055 4239 Campis.
1071 4156 1202 4219 Pratis.
1219 4152 1377 4218 Peseuis.

167 4261 260 4328 Silvis
276 4316 282 4328 .
298 4267 443 4348 Excepto
456 4263 527 4327 istis
539 4262 643 4334 tribus
655 4259 861 4343 expeditione
876 4307 885 4321 .
901 4257 1011 4339 pontis
1023 4255 1106 4319 arcis
1117 4251 1381 4319 constructione.

167 4367 259 4431 Hauc
273 4389 350 4433 vero
365 4389 470 4432 meam
486 4366 694 4430 donationem
710 4361 798 4446 quod
813 4370 890 4443 opto
906 4360 991 4423 elisit
1007 4357 1026 4421 d
1042 4356 1188 4420 fidelium
1210 4354 1378 4418 mentibus

169 4468 388 4533 minuentibus
417 4474 516 4551 etque
546 4463 794 4549 frangentibus.
811 4462 869 4526 liat
898 4480 974 4544 pars
999 4477 1114 4522 eorum
1140 4476 1216 4520 cum
1243 4453 1312 4517 illis
1336 4450 1379 4518 de

170 4571 283 4653 quibus
312 4593 330 4637 e
360 4578 473 4637 eontra
503 4570 591 4634 tatur
612 4619 620 4634 .
644 4576 660 4602 ‘¹
673 4565 843 4632 Diseedite
873 4561 894 4628 d
921 4583 975 4627 me
1004 4557 1172 4625 maledicti
1202 4559 1238 4622 in
1267 4557 1377 4641 ignem

673 4688 682 4721 ¹
699 4685 873 4754 cruens
