3684 5310
299 294 364 345 nn.
379 272 470 360 950]
612 285 745 335 rinnru
765 285 810 335 ro
831 284 1071 336 ctrsroxruru·
1094 286 1209 338 suun.
1467 275 1512 341 43

300 457 401 538 ponet
423 498 431 514 .
453 448 576 511 lccirco
593 444 724 509 eunctis
745 443 908 527 agendum
930 452 982 509 est
1005 450 1044 508 nt
1067 445 1123 511 liic
1143 445 1238 512 bonis
1258 445 1385 513 cetibus
1405 446 1515 515 tuturo

300 547 515 615 testitudinis
531 545 725 609 felicitatem
739 544 879 628 adipisci
895 551 1104 611 mercentur,

345 650 552 730 Quapropter
581 643 651 727 1330
680 642 821 706 lituum
850 643 959 726 gracia
985 643 1048 709 Dei
1078 644 1326 709 occidentalium
1350 666 1406 710 rex
1431 645 1517 710 dotto

300 758 402 831 atspn:
413 743 555 809 concedo
569 742 692 804 dilecto
705 763 745 804 ac
761 741 941 805 venerabili
958 764 1029 806 inco
1039 744 1177 828 principi
1187 744 1359 808 ll't'trutto
1373 745 1517 830 aliquem

300 860 428 935 partein
445 853 530 909 terro
542 842 630 927 jnre¹
645 844 711 906 nui
727 844 828 907 idest
844 893 852 908 .
869 843 986 927 uiginti
1010 845 1154 929 quinque
1169 855 1310 910 cassatos
1326 846 1360 912 iu
1374 846 1445 911 loco
1459 846 1517 931 qni

301 948 487 1033 appellatur
503 960 535 1008 nt
546 944 839 1010 ‚ll'txrttunons't1.
853 944 887 1007 in
900 944 1062 1027 propriam
1079 953 1176 1028 atquc
1191 952 1380 1030 perpetuant
1392 945 1519 1011 heredi·

301 1059 405 1113 tatcnr
430 1046 571 1109 libenter
596 1042 736 1125 largitus
762 1044 826 1106 sibi
852 1044 985 1127 suistptc
1007 1044 1180 1107 heredibus
1201 1044 1264 1108 hoc
1284 1052 1336 1109 est
1349 1052 1388 1109 ut
1401 1044 1520 1111 hebeat

303 1160 403 1232 atqne
417 1144 581 1229 possideat
596 1145 757 1227 prefatam
780 1151 900 1206 ternun
923 1163 998 1206 cunr
1014 1143 1164 1207 erunibus
1178 1143 1378 1209 utilitatibus
1391 1144 1433 1209 ad
1446 1166 1519 1211 cum

303 1245 547 1333 pcrtinentibus
556 1243 681 1326 eampis
690 1242 794 1324 pnuis
805 1241 959 1324 puscbuis
970 1248 1022 1305 ‚et
1036 1252 1110 1326 post
1119 1244 1216 1307 finenr
1228 1244 1296 1308 uite
1308 1243 1397 1309 illius
1407 1243 1518 1310 heredi

304 1345 499 1426 cnicnrnque
524 1340 685 1424 placuerit
706 1341 845 1404 libcrnrn
871 1339 992 1405 balent
1016 1348 1209 1424 potestatem
1225 1389 1235 1407 .
1249 1342 1348 1407 Terra
1365 1343 1427 1409 hec
1445 1363 1518 1429 prc-

304 1446 392 1508 dicta
418 1463 531 1506 secure
554 1448 594 1505 ct·
611 1441 770 1503 immunis
796 1448 987 1523 permaneat
1008 1441 1062 1505 Ab
1085 1440 1175 1504 onrni
1204 1441 1303 1526 reguli
1326 1443 1461 1507 servicio
1484 1449 1520 1509 ct

305 1543 452 1607 ornnirun
470 1540 665 1605 secularium
684 1541 845 1606 servitute
860 1540 923 1605 nisi
940 1540 1148 1625 expedicione
1163 1549 1197 1606 et
1212 1542 1472 1626 pout-isiuctione
1485 1547 1521 1608 et

305 1644 389 1708 areis
404 1640 615 1705 municione.

352 1744 424 1807 llec
452 1750 532 1806 sunt
561 1739 694 1805 teunini
724 1744 834 1805 terre.
880 1739 977 1804 lirest
1006 1760 1047 1803 on
1078 1739 1265 1825 erulelungb
1301 1740 1368 1807 und
1403 1762 1441 1808 sc
1476 1763 1518 1808 on

307 1841 437 1905 crtlrolc
452 1891 459 1905 .
476 1844 582 1926 luurne
604 1861 648 1903 on
670 1838 880 1923 cliucsbnrglr
895 1890 903 1904 .
919 1843 1025 1925 laune
1047 1859 1088 1903 on
1111 1840 1343 1923 crauenlnrrgb
1358 1844 1464 1925 bunne
1476 1862 1520 1907 on

307 1940 447 2004 doddanr
464 1960 551 2003 inere
567 1941 671 2023 lunen
687 1960 729 2002 on
746 1939 925 2024 Sinalenui·
941 1943 1044 2023 lunen
1060 1958 1095 2001 os
1110 1938 1402 2024 pndtlokesburgltc
1415 1945 1521 2026 luntre

204 2078 207 2084 -
307 2061 350 2103 on
369 2039 555 2103 ll'bitcston
571 2041 678 2123 lmine
692 2059 737 2101 on
752 2038 955 2102 Strenreston
978 2041 1083 2123 laune
1098 2058 1140 2101 on
1156 2042 1194 2122 be
1208 2037 1322 2104 Wbitc
1336 2043 1425 2127 uei-e
1440 2043 1522 2125 pune

309 2162 353 2202 on
368 2142 406 2224 bc
422 2136 548 2203 redeslo
563 2141 670 2222 lanne
679 2158 723 2199 on
739 2137 822 2226 ri3te
832 2138 934 2224 ii'ep'e
944 2141 1047 2223 lanne
1059 2158 1100 2200 cn
1113 2137 1345 2221 egelieulestou
1360 2141 1464 2221 pinne
1478 2159 1521 2204 cn

308 2235 572 2320 u'atresbargne
595 2237 703 2321 luntre
726 2256 769 2300 on
799 2235 996 2320 il'ringput.
1012 2239 1116 2322 lurinc
1139 2256 1182 2301 ou
1201 2235 1404 2302 davidisdieb
1418 2243 1524 2324 bunne

308 2341 356 2403 cit
371 2359 414 2401 on
429 2336 643 2420 endebnngh.

355 2438 391 2502 Si
415 2437 491 2522 quis
516 2435 602 2501 banc
622 2456 730 2500 nicarn
752 2433 966 2500 donacionem
989 2454 1105 2517 augere
1120 2441 1152 2499 et
1168 2434 1367 2518 amplificare
1386 2434 1528 2502 nolucrit

310 2544 428 2620 anguet
442 2536 535 2599 Deus
558 2534 642 2598 bona
665 2533 757 2597 illius
778 2533 834 2598 bic
848 2538 883 2597 et
897 2534 932 2597 in
949 2534 1059 2597 futuro
1075 2581 1082 2598 .
1099 2533 1133 2596 Si
1148 2533 1223 2618 quis
1238 2534 1299 2599 boc
1314 2535 1460 2620 irungcrc
1473 2534 1528 2601 vel

311 2636 441 2700 inritare
463 2633 700 2717 presumpserit
722 2633 805 2696 sciat
820 2654 855 2696 sc
870 2653 977 2696 corani
995 2631 1123 2697 Christo
1137 2639 1171 2697 ct
1185 2634 1336 2698 omnibus
1357 2634 1479 2700 sanctis
1492 2634 1528 2699 in

311 2735 366 2799 die
378 2734 495 2814 judieii
505 2731 711 2795 redditurum
723 2731 888 2795 meionern
901 2731 964 2794 nisi
974 2738 1050 2795 unte
1060 2731 1280 2798 satisfactione
1288 2732 1529 2798 enrendarerit.

311 2834 440 2917 Scripta
460 2840 511 2896 cst
534 2831 597 2896 lrcc
619 2830 810 2895 donacionis
832 2829 958 2895 curtida
980 2850 1067 2893 anno
1089 2829 1250 2896 ‹lorriinicc
1272 2831 1530 2897 incarnacionis.

304 2946 579 2998 -u.c.c.cut1x
592 2981 601 2996 .
615 2929 670 2995 liis
690 2929 832 2994 testibus
850 2929 1132 2994 consencientibus
1145 2951 1284 3014 querunt
1299 2931 1431 2997 nonriuu
1446 2931 1531 2996 infru

310 3031 433 3115 scriptu
447 3030 604 3094 ridentur
617 3049 712 3094 csse.

445 3153 487 3232 ›1‹
511 3150 582 3236 Ego
596 3148 706 3214 Edred
721 3150 794 3214 Rex
809 3150 959 3214 consensi
974 3155 1008 3214 ct
1023 3149 1220 3234 subscripsi.

446 3252 488 3331 ›1‹
511 3251 581 3335 Ege
610 3249 767 3313 lblmund
796 3248 969 3334 episcopus
1002 3249 1149 3314 consensi
1179 3257 1214 3314 et
1242 3246 1419 3335 subscripsi
1454 3269 1531 3316 cum

576 3346 810 3413 runltisaliis.
1408 3344 1414 3354 ⁵

364 3494 852 3548 [leodlehr.‚118.Wood.i.l.m.
925 3494 932 3544 Ι
1030 3493 1430 3547 ΕιπὶςίΠΩΛίΜθΜ

369 3875 442 3941 887.
466 3874 573 3941 Grani
588 3873 629 3958 bp
643 3873 736 3958 Kinp
751 3872 884 3938 Eadrcd
898 3878 929 3937 io
945 3873 1157 3958 Glastoaburp
1169 3873 1285 3960 Atreo,
1297 3876 1338 3962 os
1345 3874 1427 3942 lund
1439 3879 1475 3938 at

579 3974 824 4051 Puellccburelr,
837 3994 878 4038 eu.
895 3972 1074 4040 Glouccstcr.
1119 3990 1181 4041 nt).
1196 3976 1289 4042 950..
1468 3990 1471 3994 '

362 4104 386 4203 ξ
408 4124 551 4191 Domino
577 4133 689 4190 nostro
706 4123 815 4190 Jlresu
841 4123 973 4190 Christo
992 4144 1068 4188 cnm
1090 4131 1239 4191 coeterno
1259 4132 1352 4210 putus
1365 4132 1401 4192 ct
1414 4124 1533 4209 spiritu

316 4232 430 4289 sancto
456 4226 493 4289 in
518 4231 669 4290 eternum
694 4230 875 4309 regnante.
890 4224 950 4307 qui
965 4222 1123 4287 ineil'abili
1146 4223 1363 4290 nroderurninc
1381 4224 1534 4289 universa

316 4323 463 4407 disponit
477 4374 487 4401 ,
501 4344 539 4388 uc
562 4345 605 4390 nc
628 4324 666 4388 in
689 4322 853 4388 nichilum
878 4323 1025 4388 detinent
1050 4322 1273 4406 potentissime
1295 4323 1459 4390 custodit.
1474 4323 1533 4408 qui

318 4424 502 4488 rationabili
511 4423 685 4489 hominurn
697 4431 846 4489 creature
861 4431 900 4487 ut
914 4422 1000 4486 melu
1008 4421 1157 4487 devitans
1166 4468 1174 4484 .
1184 4420 1279 4484 bonis
1292 4432 1535 4504 perseveranter

866 4569 877 4604 ι
894 4572 950 4635 ,ἧς
961 4568 998 4623 Η,
