3758 5318
215 315 279 381 134
494 280 498 287 ⁸
605 335 740 386 rinwis
761 337 806 386 ro
828 272 1013 387 mammen
1250 315 1331 403 [1³²-
1344 317 1420 398 95ᾶ

212 582 286 647 953
311 582 415 648 Grani
429 585 468 668 by
483 587 574 671 Kinq
589 588 725 670 Budwip
738 594 770 652 lo
784 588 835 652 tle
847 588 936 652 sebio
951 587 1029 667 lady
1043 585 1221 661 meld,
1233 583 1274 670 os
1286 582 1370 648 land
1381 582 1422 647 iis

387 683 620 770 Drocemssord‚
633 707 672 751 or
686 685 857 770 Dmsoni,
870 707 911 751 eo.
927 685 1046 749 Hatita
1090 699 1153 750 en.
1170 683 1245 749 956.

250 809 316 876 Dis
336 827 369 879 rs
391 817 479 901 pini
500 865 508 882 .
531 833 601 882 xx.
618 832 703 882 nmi
723 832 787 882 noe
808 832 860 881 nr
880 816 1174 882 Duocmmsroani
1195 815 1248 901 pn
1268 807 1396 877 Eib'm

426 929 507 980 cmo
529 931 659 980 nocens
679 913 922 981 AEnninnb‘n
943 931 989 980 os
1011 930 1073 979 ecs
1093 928 1211 979 ruris.

233 1046 237 1053 ’
259 1027 301 1091 In
317 1027 447 1094 nomine
465 1028 589 1094 domini
604 1031 708 1095 nostri
721 1031 826 1097 Jhesu
842 1030 966 1096 Christi
980 1076 990 1093 .
1005 1028 1112 1114 Igitur
1125 1025 1311 1114 apostolicis
1324 1022 1424 1089 dietis

216 1144 275 1188 nos
289 1143 429 1208 congrue
444 1146 556 1210 parere
570 1135 779 1213 oportetque
793 1129 828 1192 in
844 1127 983 1213 epistola
997 1147 1055 1192 nos
1070 1126 1123 1211 pie
1137 1130 1249 1189 monet
1262 1128 1301 1187 ut
1315 1120 1425 1206 inquit

216 1222 286 1307 ipse
311 1244 486 1308 supprema
507 1246 586 1292 voce
606 1229 736 1294 “amet¹
751 1228 938 1312 proximum
959 1227 1018 1312 qni
1039 1225 1148 1311 diligit
1164 1222 1292 1289 Deum”
1306 1227 1343 1287 et
1361 1220 1425 1287 hoe

214 1320 326 1404 itaque
351 1323 393 1387 eb
416 1325 586 1409 utriusque
610 1346 693 1392 sexu
716 1333 930 1412 propagatum
956 1346 1026 1392 esse
1049 1323 1266 1410 perhibetur.
1287 1320 1426 1406 Propter

215 1418 302 1502 qaod
331 1439 390 1504 ego
419 1421 551 1508 Eiupia
566 1472 574 1488 .
588 1425 697 1508 gentis
726 1423 909 1510 Anglorum
938 1430 1191 1506 ceterarumque
1219 1439 1279 1505 per
1306 1435 1423 1504 gyrum

216 1517 386 1582 nationum
427 1519 571 1585 basileus
606 1521 739 1588 cuidam
775 1522 881 1587 nobili
917 1521 1048 1588 femine
1084 1519 1233 1584 vocitatoe
1269 1511 1425 1582 nominee¹

216 1615 405 1681 AEnuiliinn
420 1667 428 1684 .
444 1633 490 1683 111
506 1668 514 1685 .
531 1640 660 1686 mansas
680 1671 689 1686 .
711 1623 749 1686 in
769 1621 842 1687 loeo
867 1621 926 1706 qui
955 1620 1077 1686 dicitur
1097 1667 1106 1684 .
1127 1618 1424 1684 Dnonm'usrorn.

215 1714 446 1798 perpetualiter
460 1718 599 1784 concedo
620 1720 737 1785 amodo
757 1741 835 1786 cum
855 1719 1030 1786 securitate
1051 1721 1197 1781 nostium
1217 1712 1340 1779 donum
1354 1712 1425 1777 vite

216 1813 335 1878 comite
361 1814 423 1879 sibi
451 1825 586 1902 usurpet
611 1839 646 1885 se
671 1819 814 1886 obeunte
838 1819 1035 1904 cuicumque
1060 1814 1200 1880 voluerit
1228 1812 1265 1879 in
1286 1811 1425 1878 serimus

217 1909 380 1994 perhenne
402 1912 568 1999 impertiat
589 1962 599 1981 .
619 1916 704 1983 Cum
725 1916 850 2003 eampis
866 1963 876 1984 .
892 1915 1028 1982 Pascuis
1041 1963 1050 1980 .
1065 1913 1173 1980 Pmtis
1187 1961 1196 1978 .
1211 1910 1312 1978 Siliis
1327 1958 1337 1979 .
1351 1908 1425 1978 hm

219 2013 318 2080 tellus
332 2014 352 2079 t
365 2023 483 2082 cuncte
498 2018 543 2083 sit
556 2019 701 2086 inmunis
715 2019 853 2087 servitu²
867 2019 933 2087 nisi
954 2019 1064 2106 pontis
1077 2024 1112 2084 et
1125 2015 1207 2084 arcis
1221 2066 1229 2083 .
1244 2021 1280 2082 et
1292 2013 1424 2101 expedi·

218 2109 317 2176 tionis
328 2110 519 2195 juvamine.

264 2209 300 2274 Si
325 2212 400 2295 quis
425 2233 502 2279 vere
527 2215 683 2281 minuerit
704 2216 791 2283 hane
812 2215 1022 2282 donationem
1035 2219 1045 2278 Ξ
1059 2213 1149 2281 Sciat
1169 2232 1204 2278 se
1226 2231 1317 2279 reum
1334 2209 1427 2279 omui

221 2307 302 2373 liora
317 2310 394 2375 vitae
408 2332 475 2377 sum
489 2320 524 2378 et
538 2313 745 2380 tenebrosum
759 2316 933 2381 Tartarum
946 2334 1013 2381 non
1027 2312 1186 2382 eredere.

266 2408 345 2475 lstis
360 2411 508 2477 terminis
522 2413 665 2478 ambitur
679 2414 825 2498 predicta
837 2413 961 2481 tellus.

268 2509 322 2593 Pis
344 2509 470 2594 syndon
492 2515 531 2597 pa
552 2510 630 2577 land
643 2534 684 2598 ge
699 2534 795 2578 msera
808 2521 845 2578 te
859 2509 1136 2579 Droeeuesionls.
1152 2508 1263 2576 AErest
1286 2505 1325 2575 bt
1342 2508 1427 2576 Die-

224 2607 412 2673 cenesforda
426 2617 461 2674 te
476 2610 570 2676 biens
584 2611 738 2677 stede.ol
749 2612 845 2678 biene
859 2612 959 2678 stede
973 2617 1008 2676 te
1022 2607 1124 2676 seidn¹
1137 2607 1225 2675 telds
1235 2658 1243 2675 .
1254 2604 1361 2695 pullu
1375 2615 1430 2676 utt

224 2713 260 2771 to
274 2706 393 2792 langan
408 2707 506 2794 leagae
521 2709 640 2775 middm
652 2711 801 2796 μήτε.
812 2715 918 2796 panon
933 2731 1003 2796 upp
1015 2718 1052 2775 te
1066 2713 1147 2797 isere
1161 2707 1429 2796 sugoelaepmon

223 2811 279 2871 utt
292 2813 328 2871 te
342 2806 413 2894 pnlf
427 2815 548 2892 pyttan
565 2857 575 2875 .
589 2812 697 2896 panon
710 2817 824 2875 uttan
838 2810 990 2876 Mtoxs.

268 2905 352 2970 Haec
374 2906 438 2970 ista
463 2927 535 2972 mea
561 2906 694 2972 donatio
720 2908 797 2973 data
814 2914 887 2972 est.
902 2909 1001 2972 Auno
1015 2906 1057 2971 ab
1071 2904 1292 2972 incarnatione
1305 2903 1430 2971 damini

227 3004 329 3068 nostri
344 3004 449 3069 Jhesn
465 3005 587 3071 Christi
601 3003 786 3071 ,bessem
800 3057 810 3073 .
824 3006 1011 3072 Indictione
1023 3053 1033 3070 .
1047 3020 1148 3071 xlm.

359 3117 427 3202 Ego
443 3119 564 3204 Eadpig
578 3118 649 3184 Rex
664 3117 846 3204 Anglorum
860 3118 1133 3185 indeclinabiliter
1146 3118 1312 3186 eonesffi.

358 3216 427 3301 Ego
443 3216 569 3301 Eadgar
581 3217 728 3301 ejusdem
743 3219 827 3303 regis
841 3218 944 3282 frater
956 3218 1127 3284 eouoenm.

360 3314 428 3399 Ego
444 3314 515 3379 Oda
530 3315 789 3400 archiepiscopus
811 3336 886 3381 cum
901 3317 993 3401 signo
1008 3321 1126 3380 sauctae
1140 3315 1245 3382 erucis
1259 3315 1430 3383 ioborsvi.

360 3413 427 3496 Ego
442 3413 603 3478 AEll'sinus
617 3415 730 3478 Presul
745 3415 890 3499 sigillum
904 3435 995 3500 agyae
1006 3415 1111 3481 crucis
1124 3414 1296 3498 impressi.

360 3510 429 3594 Ego
445 3510 586 3596 Cenpold
601 3513 772 3598 episeopus
782 3534 857 3579 cum
872 3515 965 3600 signo
979 3520 1099 3579 sanetae
1108 3514 1215 3578 erneis
1224 3514 1431 3601 consigniri.

361 3609 429 3692 &0
445 3608 587 3694 Cenpolil
601 3612 794 3696 episeopus.
963 3612 1196 3698 ugoffilssiere
1211 3613 1312 3679 Dux.

361 3705 431 3791 Qu
447 3706 580 3790 Oscytel
594 3709 788 3793 episeopus.
963 3709 1335 3796 Egomeelsigsnu.

362 3805 431 3889 Ego
446 3805 543 3869 Osull
556 3807 750 3892 episeopus.
961 3809 1031 3894 ugo
1047 3808 1188 3894 AEll'sige
1201 3808 1375 3878 minister

363 3905 431 3986 Ego
448 3904 616 3989 Bprbtelm
637 3909 830 3993 episeopus.
962 3909 1031 3992 Qu
1046 3909 1171 3994 putitio
1184 3908 1356 3977 minister.

362 4003 431 4088 Ego
446 4002 614 4089 AEpeismn
628 4006 731 4073 Dux.
963 4009 1032 4093 ligo
1046 4007 1245 4072 AEbelhesrb
1261 4009 1432 4077 minister.

364 4101 432 4185 Ego
447 4101 619 4168 Eadmund
633 4106 734 4172 Dux.
964 4106 1034 4191 Eone
1048 4105 1204 4172 AEllhesh
1217 4107 1390 4177 minister.

364 4194 737 4284 FgaAEbelstenDux'.
962 4204 1360 4289 EgoAEllgirminister.

364 4298 434 4383 Ego
450 4298 629 4382 Bprlitl'erb
645 4302 723 4364 Dux
738 4350 747 4365 .
967 4302 1037 4387 Ego
1052 4303 1230 4386 Byrhtterll
1243 4303 1412 4373 minister.

365 4396 434 4480 Ege
448 4395 650 4462 AElielmund
665 4400 743 4462 Dux
758 4446 769 4465 .
966 4399 1035 4483 Ego
1050 4399 1203 4464 mmuh
1217 4401 1390 4469 minister.

336 4529 695 4583 [almissimam
859 4532 1438 4649 [ωιὶῗὶκωωυυωικ

616 4695 827 4758 'mian
922 4699 1067 4764 ’Seu
