3758 5318
490 802 869 916 bromtonum
925 803 1287 937 &reunitum

308 1253 383 1317 aso.
408 1250 515 1316 amnt
535 1251 576 1332 ry
589 1249 680 1332 rrnq
695 1251 824 1315 marca
838 1259 868 1317 a
885 1204 1082 1337 cacatum
1099 1250 1279 1330 sacrarat,
1292 1248 1420 1335 osana
1435 1255 1471 1312 ae

549 1348 779 1428 romanam,
792 1371 833 1417 co.
848 1351 1029 1416 Middlcrex,
1072 1365 1135 1416 tu.
1151 1349 1225 1414 948.

759 1495 1017 1562 Turocrnnurr.

329 1611 370 1690 ἧι
393 1609 580 1672 &naeuus
600 1610 705 1693 gratie
725 1612 856 1695 superni
874 1614 959 1697 regis
974 1611 1135 1696 imperiali
1149 1616 1286 1676 stemate
1300 1608 1406 1674 tocius
1422 1606 1493 1672 Bri·

284 1709 398 1772 tannis
416 1708 638 1773 sublimatus.
654 1709 826 1775 Vniversis
847 1711 938 1795 regui
959 1712 1064 1775 nostri
1084 1709 1287 1795 principibus
1308 1714 1377 1772 tam
1392 1706 1494 1771 ecclc-

286 1808 408 1870 siarum
427 1809 616 1891 presulibus
638 1827 736 1890 quam
759 1809 988 1891 palatinarum¹
1003 1809 1264 1893 procuratoribus
1278 1806 1494 1892 dignitatum!
1563 1864 1568 1875 .

285 1926 352 1970 non
378 1905 486 1970 solum
511 1906 747 1992 presentibus,
769 1906 947 1972 sedetiam
970 1909 1090 1971 futuris
1104 1956 1113 1971 .
1128 1913 1318 1990 perpetuam
1340 1923 1451 1988 pacem
1474 1922 1494 1984 *J

285 2004 558 2088 prosperitatem.
575 2007 618 2069 In
639 2003 799 2070 salvatore
820 2007 967 2070 omnium
982 2007 1088 2089 Deo-J
1105 2005 1236 2070 domino
1258 2011 1368 2068 nostro
1389 2001 1495 2066 Jhesu

331 2201 496 2278 Quoniam
510 2201 598 2265 sicut
612 2201 659 2265 ait
673 2201 860 2285 apostolus.
875 2202 1011 2285 spiritus
1026 2203 1131 2267 saneti
1153 2201 1237 2266 dono
1252 2200 1380 2264 afflatus
1394 2247 1402 2262 .
1417 2205 1435 2232 ‘¹
1446 2195 1497 2263 ca²

286 2320 361 2384 quas
385 2299 541 2364 videntur
564 2299 756 2383 temporalia
777 2349 785 2365 .
807 2309 907 2366 sunt.
923 2321 988 2384 que
1009 2308 1118 2365 autem
1139 2320 1203 2364 nou
1219 2298 1372 2363 videntur
1385 2304 1498 2361 eterna
1552 2341 1555 2344 ι

287 2399 383 2463 sunt”
403 2403 414 2460 t
437 2398 625 2482 congruum
643 2399 743 2462 immo
766 2400 980 2463 necessarium
1000 2400 1101 2463 michi
1116 2399 1224 2462 visum
1238 2403 1290 2462 est
1304 2415 1363 2481 pro
1377 2395 1498 2460 eternis

286 2497 506 2581 adipiscendis
520 2497 722 2561 transitorios
737 2497 844 2581 langisi
860 2498 990 2564 Christo
1004 2496 1142 2561 divicias
1156 2545 1164 2561 .
1180 2503 1217 2560 vt
1232 2515 1290 2580 pro
1305 2494 1496 2560 caducarum

287 2597 485 2680 expensione
500 2595 759 2659 substanciamm
771 2594 934 2679 percipere
948 2615 1072 2660 merear
1079 2615 1214 2679 regnum
1226 2594 1347 2678 absque
1359 2590 1498 2658 termino

288 2714 540 2778 permansurum
554 2744 564 2760 .
601 2694 686 2759 Cum
700 2694 787 2758 enim
803 2693 980 2777 unicuique
995 2693 1182 2758 mortalium
1198 2692 1351 2777 expediat
1361 2711 1419 2776 pro
1434 2689 1498 2754 col·

287 2791 365 2855 latis
379 2792 442 2855 sibi
456 2811 477 2854 a
492 2792 564 2856 Deo
579 2791 743 2855 beneficiis
757 2791 977 2858 indesinenter
991 2793 1021 2857 ei
1036 2793 1211 2877 gratiarum
1226 2789 1401 2876 rependere
1415 2787 1499 2853 acci·

289 2908 368 2953 ones
379 2938 387 2953 .
397 2891 542 2954 maxime
556 2910 634 2954 vero
648 2889 748 2954 michi
757 2911 853 2974 quern
861 2911 882 2974 J
890 2891 1014 2976 populo
1023 2913 1082 2956 suo
1093 2892 1246 2976 dignatum
1257 2899 1308 2955 est
1317 2888 1498 2974 preficere]

289 2987 432 3070 gratuito
441 3008 575 3052 munere
586 2988 718 3072 pietatis
726 2988 855 3073 gloria]
866 2990 988 3056 bonore
1002 3011 1154 3076 coronare
1167 3041 1176 3056 .
1198 2989 1285 3054 Nam
1295 2989 1374 3052 dum
1389 2987 1483 3053 crebr

290 3086 572 3151 animadversione
586 3093 751 3171 pertracto
765 3087 846 3172 quid
859 3088 959 3153 miehi
972 3090 1160 3172 unigenitus
1174 3087 1310 3172 ingeniti
1325 3086 1409 3170 regis
1423 3105 1499 3150 con·

291 3182 406 3248 tulerit
419 3184 508 3249 filius
523 3236 531 3250 .
547 3192 586 3248 vt
603 3194 679 3268 pote
693 3186 752 3269 qui
766 3207 819 3251 me
833 3187 975 3251 nominis
989 3188 1042 3251 sui
1056 3187 1249 3272 participem
1264 3235 1272 3249 .
1284 3183 1464 3268 judiciique
1478 3203 1498 3265 Ἰ
1628 3227 1632 3233 »

291 3281 401 3366 legum
423 3285 596 3349 constituit
621 3284 851 3349 discretorem.
867 3286 924 3348 vix
939 3294 999 3350 aut
1020 3286 1102 3350 forte
1125 3284 1215 3349 nullo
1234 3283 1328 3347 modo
1343 3282 1377 3346 in
1392 3301 1498 3345 rerum

292 3382 525 3446 forinsecarum
546 3382 662 3447 habitu
685 3383 867 3467 reperiam.
890 3384 978 3466 quod
1000 3384 1032 3448 ei
1053 3389 1275 3468 competenter
1295 3382 1409 3445 offerre
1428 3399 1500 3463 pre·

291 3479 932 3565 valmm.Veruruptarnen!“redempeio³
941 3483 1051 3546 auimo
1061 3482 1125 3546 viri
1136 3480 1264 3565 proprie
1275 3479 1393 3544 diricie
1403 3478 1500 3561 ejus.

335 3578 496 3656 Quocirca
510 3586 626 3643 uotum
648 3599 718 3644 esse
732 3579 806 3644 volo
820 3580 973 3643 omnibus
987 3629 995 3643 .
1010 3579 1089 3663 quio
1103 3579 1171 3665 Ego
1186 3598 1244 3662 pro
1258 3597 1366 3642 amore
1381 3576 1445 3640 Dei
1458 3575 1501 3640 cd

293 3678 474 3760 prefectum
498 3679 608 3742 anime
631 3697 703 3742 mee
728 3679 827 3742 offero
853 3677 1089 3744 Munusculum
1114 3685 1226 3742 sancte
1252 3673 1501 3758 Metropolitane

293 3774 427 3839 ecclesie
442 3775 478 3838 in
494 3775 718 3839 Douonmm'm
740 3775 873 3840 civitate
895 3797 916 3840 a
938 3778 1033 3840 bento
1048 3776 1233 3861 Augustino
1253 3773 1388 3838 iuudute
1402 3822 1410 3837 .
1424 3792 1445 3854 'j
1460 3771 1502 3836 ab

293 3878 439 3961 antiquis
453 3878 585 3963 regibus
599 3877 777 3962 glorificate
791 3877 924 3943 ,villam
935 3928 944 3944 .
955 3879 1081 3943 seilicet
1092 3877 1249 3942 uocabulo
1258 3927 1267 3943 .
1277 3877 1502 3941 Tolosanum

293 3976 430 4060 triginta
455 3997 646 4041 mansorum
671 3976 707 4041 in
731 3976 898 4061 provincia
928 3976 1217 4041 Middelsaxonum
1246 3994 1343 4059 super
1365 3971 1502 4036 fluvium

292 4071 469 4139 Tamisiam
485 4075 582 4139 sitam
597 4124 606 4140 .
621 4095 697 4140 cum
711 4074 875 4140 universis
894 4075 1076 4141 redditibus
1096 4075 1137 4139 ad
1163 4074 1300 4140 eandem
1314 4072 1427 4154 gillam
1441 4057 1503 4135 rite

293 4172 566 4254 pertinentibus.
611 4172 730 4258 Itaque
752 4181 792 4238 ut
813 4172 874 4239 hec
896 4175 1045 4239 condicio
1068 4194 1141 4238 urea
1167 4171 1366 4237 inviolabilis
1389 4188 1501 4254 perpo-

294 4267 429 4334 tuuliter
451 4269 610 4336 enitescat
634 4275 643 4333 t
664 4291 685 4355 ]
707 4271 808 4357 regali
836 4274 1030 4338 auctoritate
1052 4273 1150 4337 robur
1169 4271 1316 4356 optineat
1337 4266 1504 4351 sempiter·
1544 4333 1548 4343 ,

295 4384 376 4431 num
388 4371 398 4427 t
412 4367 483 4450 Ego
504 4368 568 4434 hoc
589 4370 750 4455 scriptum
773 4370 842 4436 fieri
861 4371 991 4456 precepi
1006 4421 1014 4438 .
1029 4371 1226 4455 verboque]
1241 4389 1341 4434 uranu
1355 4364 1505 4446 firmavi;
1554 4429 1558 4438 ,

391 4492 535 4557 wreus
767 4497 981 4560 menania
1199 4495 1405 4558 'rmexma

339 4584 412 4635 101-
426 4586 478 4640 tu.
713 4615 725 4640 ·.
1352 4590 1373 4639 B
