3684 5310
219 322 280 371 no.
295 300 385 386 950]
527 312 660 362 morum
681 312 724 360 ro
746 310 990 360 cussrosoour
1010 308 1128 358 annm.
1380 295 1423 362 45

3 496 8 511 ·
126 517 134 530 ,
220 477 284 544 and
299 475 500 558 tangwages
515 469 746 536 onWroennan
759 468 853 553 lenge
867 464 1101 532 sutheweardo
1115 515 1124 531 .
1139 468 1165 552 p
1179 486 1246 531 sun
1260 486 1304 531 on
1318 466 1428 533 oxna-

220 574 330 644 hcnlas
345 621 353 639 .
369 571 466 637 Onna
479 568 598 634 heulon
613 588 657 632 on
672 566 860 649 Bicenstige
875 616 884 631 .
898 566 935 630 oi
948 564 1052 629 Bican
1066 563 1150 647 stige
1164 584 1208 628 on
1221 563 1348 630 Merces
1361 563 1430 630 telo

222 676 259 739 oi
276 672 402 737 Merces
424 667 511 733 selda
525 688 568 732 on
582 665 742 730 hiaerhroc
756 665 791 729 oi
813 664 897 728 Mar
909 663 1005 729 broce
1020 683 1063 726 on
1079 661 1205 725 Hlidan
1219 710 1227 725 .
1241 661 1277 726 oi
1296 661 1430 746 Hlyden

222 794 265 837 on
288 768 426 834 Mersice
450 766 487 830 oi
507 764 657 829 Maersice
680 784 724 828 on
750 762 971 847 Ilegcstnldes
994 761 1057 825 sctl
1073 810 1081 826 .
1096 764 1121 846 p
1135 759 1260 825 thenon
1282 761 1368 827 rihte
1389 782 1433 827 on

224 866 396 933 Witterdes
417 864 472 949 pol
489 883 531 947 .]
547 884 614 927 swa
635 861 701 927 and
721 861 800 946 lang
821 862 954 927 Frorncs
968 911 977 926 .
992 865 1017 946 p
1033 880 1136 944 upon
1152 859 1288 925 Crreorn
1302 859 1431 927 cleotu.

225 968 347 1033 thanon
373 964 458 1028 rihte
482 983 525 1026 on
551 962 650 1026 Beier
672 968 783 1045 pyttas
798 1009 807 1024 .
822 981 843 1043 “J
858 981 928 1025 suu
948 981 991 1024 on
1016 958 1155 1042 llyddes
1179 957 1286 1044 burhg
1311 963 1363 1045 ,ᾔ
1391 980 1435 1025 ou

226 1063 423 1148 rtiscburhg.
435 1063 472 1126 ot
479 1061 653 1145 AEscbprig
667 1081 709 1124 on
724 1059 969 1143 cheghyrstcon
981 1056 1040 1122 tha
1050 1057 1167 1122 ealdan
1178 1057 1242 1123 wic
1251 1106 1260 1123 .
1270 1058 1306 1123 oi
1319 1057 1435 1124 caldra

226 1166 286 1228 nic
300 1185 342 1227 on
357 1159 584 1245 Bydnnn'yrth
598 1210 607 1225 .
622 1161 657 1223 oi
679 1158 925 1243 Iiytlnnnprtbc
940 1178 982 1221 on
998 1155 1116 1221 Sinder
1139 1155 1210 1220 torri
1224 1205 1233 1221 .
1249 1156 1286 1221 oi
1305 1156 1434 1223 Sinder·

227 1263 315 1331 sonis
329 1260 395 1325 and
408 1260 485 1344 lang
500 1259 616 1323 Fromo
630 1258 679 1323 cit
693 1278 735 1321 on
751 1255 907 1321 Stantord
921 1305 931 1320 .

270 1365 354 1426 Acta
365 1366 415 1424 cst
426 1358 495 1422 lucc
505 1357 643 1441 presiate
654 1355 787 1420 donatio
801 1375 889 1418 anno
899 1354 942 1417 ab
952 1351 1174 1417 incarnatione
1187 1353 1322 1418 Domini
1336 1353 1439 1419 nostri

229 1462 331 1528 Jhcsu
346 1456 469 1524 Christi
485 1471 630 1520 beccel..
647 1453 835 1518 Indictione
848 1468 913 1516 vm
928 1501 937 1518 .

360 1575 401 1654 »Β
425 1573 494 1657 Ego
522 1570 689 1636 Endrcdus
724 1591 783 1634 rex
816 1567 1000 1651 Angiorurn
1036 1567 1198 1651 prefatum
1233 1566 1437 1634 donationem

491 1671 619 1734 tinnam'
634 1684 672 1733 ut
687 1670 817 1732 firmum
837 1673 1028 1751 porrnnncnt
1042 1673 1076 1731 et
1089 1665 1220 1747 signum
1241 1666 1439 1752 triumphale

492 1769 573 1853 agiae
588 1769 692 1833 crucis
707 1768 846 1853 proprire
860 1788 978 1831 manus
989 1766 1198 1850 depinctione
1211 1766 1382 1852 impressi.

363 1873 403 1953 *1⁴
426 1870 494 1954 Ego
508 1868 649 1952 Enigit'n
663 1866 814 1952 genetrix
828 1865 949 1951 prefati
963 1866 1049 1949 regis
1064 1885 1257 1930 consensum
1271 1865 1394 1951 praebui
1410 1910 1419 1925 .

362 1972 403 2051 ᾧ
426 1969 495 2053 Ego
510 1966 583 2032 oua
604 1965 868 2048 archiepiscopus
889 1963 1036 2045 ejusdem
1060 1963 1146 2048 regis
1167 1963 1386 2049 principatum
1407 1971 1470 2063 etp·

492 2065 754 2130 benevolentiam
768 2065 831 2128 sub
845 2061 954 2147 sigillo
976 2069 1098 2127 sauctsc
1112 2062 1217 2127 crucis
1230 2062 1398 2129 conclusi.
1437 2066 1446 2149 t

363 2169 403 2249 ›1‹
426 2166 496 2249 Qo
511 2164 719 2228 Wntistanus
733 2161 997 2246 archiepiscopus
1008 2159 1157 2224 consensi
1170 2152 1207 2224 et
1220 2160 1421 2245 subscripsi.
1443 2152 1452 2207 i

365 2268 405 2346 »Β
429 2265 500 2348 Ego
515 2264 655 2348 AEltsigc
669 2263 841 2346 episcopus
855 2257 1007 2324 consensi
1021 2265 1056 2322 et
1069 2258 1272 2343 subscripsi.
1456 2280 1475 2348 p

365 2366 406 2444 υἷι
430 2363 499 2447 Ego
513 2362 662 2445 ti'ulsige
677 2361 848 2444 episeopus
862 2357 1013 2423 consensi
1027 2363 1062 2421 et
1075 2355 1272 2441 subscripsi.

367 2464 408 2543 ᾧ
431 2462 499 2546 Ego
514 2459 660 2525 Arnon
674 2459 846 2543 episcopus
860 2455 1012 2521 consensi
1025 2462 1061 2520 et.
1074 2453 1273 2540 subscripsi.
1331 2485 1337 2493 ·
1362 2474 1367 2483 ’

257 2618 259 2623 .
367 2562 408 2642 ›1‹
430 2561 501 2645 Ego
515 2558 615 2625 Osuli
626 2558 797 2642 episcopus
810 2553 962 2621 consensi
978 2561 1012 2618 et
1025 2553 1228 2638 subscripsi.

371 2662 411 2742 ›1‹
436 2660 506 2743 Ego
520 2657 707 2722 Brihthetm
721 2656 894 2740 episcopus
907 2653 1058 2718 consensi
1071 2660 1107 2718 et
1120 2651 1297 2738 subscripsi
1309 2701 1319 2720 .
1426 2685 1431 2693 ·

371 2762 412 2842 ᾧ
434 2758 505 2844 Ego
519 2756 698 2823 AEthestan
713 2755 783 2819 dux
796 2751 949 2819 consensi
962 2759 998 2818 et
1012 2750 1213 2836 subscripsi.

370 2858 410 2938 ›1‹
434 2857 504 2941 Ego
518 2854 700 2939 AEthelsige
714 2853 783 2918 dux
798 2851 949 2917 consensi
962 2857 998 2916 et
1011 2850 1212 2935 subscripsi.

372 2959 413 3037 ᾧ
435 2954 506 3040 Ego
519 2952 694 3018 Esdmund
708 2952 778 3016 dux
792 2949 943 3016 consensi
957 2956 993 3014 et
1005 2949 1204 3035 subscripsi.

374 3057 414 3137 ›1‹
437 3055 506 3139 Ego
520 3052 703 3118 Brithterth
717 3050 786 3116 dux
801 3049 954 3114 consensi
967 3053 1004 3114 et
1017 3047 1221 3134 subscripsi.

374 3154 414 3235 q<
436 3153 505 3238 Ego
520 3152 660 3236 AEltsige
675 3150 828 3214 minister
841 3147 994 3214 consensi
1008 3153 1044 3213 et
1057 3147 1261 3234 subscripsi.
1396 3190 1400 3195 -

374 3253 413 3332 »Β
437 3252 507 3336 Ὲςο
521 3251 675 3316 AEttnoth
689 3250 841 3314 minister
854 3247 1007 3313 consensi
1021 3252 1057 3312 et
1070 3247 1272 3333 subscripsi.

373 3352 414 3430 ᾦ
437 3349 506 3434 Ego
520 3351 676 3415 Dunstan
699 3348 800 3414 abbas
822 3346 866 3411 nd
891 3344 1152 3411 confirmandum
1173 3347 1273 3432 hujus
1294 3347 1456 3413 libertatis

503 3449 664 3514 certulam
679 3449 810 3535 signum
825 3454 948 3513 sancte
962 3445 1069 3512 crucis
1083 3448 1239 3516 exarari.

289 3559 385 3626 Hanc
410 3562 570 3628 cartulam
593 3584 653 3648 ego
678 3561 848 3627 Eadredus
871 3583 932 3626 rex
956 3560 1087 3645 propria
1111 3581 1211 3626 manu
1234 3583 1332 3647 snper
1355 3561 1457 3629 altare

248 3660 381 3725 Domini
405 3661 441 3726 iu
467 3668 599 3728 retustu
623 3662 759 3727 basilice
784 3668 907 3725 sanctie
926 3659 992 3723 Dei
1012 3659 1182 3744 genitricis
1203 3661 1319 3727 Merite
1339 3660 1459 3745 posui.

249 3757 422 3850 deprecans
447 3761 629 3825 Dominum
654 3768 804 3824 nostrum
824 3765 863 3822 ut
884 3758 915 3822 si
935 3757 1011 3842 quis
1031 3765 1100 3821 tom
1114 3757 1248 3824 inflatus
1261 3758 1459 3844 philargiriae
1511 3814 1516 3825 .

251 3857 401 3924 seductus
415 3861 558 3925 amentia
571 3910 580 3926 .
595 3858 684 3945 qnod
705 3878 772 3923 non
795 3865 970 3943 optamus.
985 3855 1071 3921 hane
1093 3864 1212 3924 nostrie
1225 3858 1460 3925 munificentiae
1503 3853 1508 3859 ’

251 3953 431 4040 largitatem
446 3979 528 4023 ausu
543 3959 715 4024 temerario
729 3957 906 4042 intringere
916 3956 1145 4040 temptaverit.
1156 3957 1202 4021 sit
1215 3957 1285 4042 ipse
1299 3956 1460 4024 alienatus

252 4074 273 4116 a
285 4057 444 4120 consortio
458 4066 580 4123 sancte
594 4058 658 4122 Dei
680 4056 826 4123 ecclesiae
841 4106 850 4120 .
866 4074 995 4120 necnon
1009 4062 1044 4119 et
1057 4076 1079 4119 u
1092 4056 1343 4140 participatione
1357 4076 1461 4121 socro-

253 4154 355 4217 sancti
369 4155 511 4240 corporis
532 4164 568 4222 et
581 4150 757 4240 'sanguinis
770 4153 878 4219 Jhcsu
893 4151 1017 4218 Christi
1033 4153 1093 4217 filii
1107 4154 1172 4220 Dei
1188 4175 1357 4239 perquem
1372 4160 1462 4218 totus

253 4261 409 4321 terramm
424 4259 513 4324 orbis
526 4259 570 4324 sb
587 4259 726 4344 antiquo
745 4257 884 4322 lrnmuni
904 4256 1034 4341 generis
1055 4256 1190 4324 inimico
1209 4257 1367 4323 liberatus
1387 4265 1462 4325 est.

254 4358 289 4414 et
311 4374 386 4418 cnm
405 4355 429 4419 J
431 4356 493 4420 udn
508 4406 517 4423 .
533 4356 657 4423 Christi
681 4355 871 4441 proditore.
886 4355 1020 4420 sinistra
1039 4353 1076 4420 in
1096 4363 1189 4440 perte
1213 4348 1389 4439 deputatus
1401 4403 1412 4422 .
1426 4355 1463 4422 ni

254 4449 344 4532 prius
364 4452 462 4538 digna
484 4455 706 4521 satisfactione
727 4454 784 4521 hic
804 4453 942 4520 humilis
964 4453 1145 4538 penituerit
1158 4451 1248 4538 quod
1262 4459 1374 4518 contre
1388 4472 1463 4520 nos·

256 4553 343 4615 trum
357 4549 524 4621 decretum
537 4552 669 4623 rebellis
683 4574 780 4640 cgere
798 4551 1000 4641 presumpsit
1013 4555 1099 4620 .'nec
1112 4551 1148 4618 in
1163 4551 1233 4618 rite
1245 4548 1309 4617 bro
1322 4551 1464 4637 practice
