3758 5318
405 420 447 485 18
843 437 977 484 croeso
998 436 1043 484 ru
1064 435 1177 486 mursa
1445 421 1526 507 [nu.
1540 422 1617 503 948.

403 613 508 657 aevum
530 593 690 677 gubernat
713 643 723 661 .
745 614 807 658 ceu
829 593 1029 678 pupillarum
1052 594 1143 658 visus
1158 615 1217 678 per
1231 593 1434 678 triquadrum
1460 592 1618 657 ruundum

401 695 522 761 cotidie
544 697 690 760 cernitur
703 717 743 761 ac
762 697 973 761 manifestata
994 697 1088 781 sineno
1108 697 1308 762 declamat.
1330 697 1493 782 quomodo
1515 707 1619 761 trans-

402 796 511 861 cuntis
537 795 652 859 mundi
682 795 875 861 vicissitudo
903 795 1069 860 diuturnis
1098 794 1188 860 horis
1212 795 1386 861 crescendo
1407 795 1566 860 decrescit
1588 803 1622 858 et

406 894 592 978 ampliando
607 894 791 960 minuitur.

449 993 653 1079 Quapropter
667 1015 727 1078 ego
743 995 920 1058 AEolffincs
934 1015 992 1058 rex
1006 993 1190 1077 Auglorum
1212 1000 1457 1076 ceterammque
1476 990 1623 1076 gentium

406 1091 586 1157 incircuitu
599 1094 844 1178 persistentium
854 1095 1052 1179 gubernator
1062 1100 1209 1158 etmetor
1220 1142 1228 1158 .
1240 1091 1315 1156 dedi
1327 1090 1458 1157 cuidem
1473 1088 1623 1154 ministro

406 1192 488 1256 mibi
512 1191 704 1257 fidelissimo
729 1194 874 1258 vocitato
900 1194 1034 1259 uomina
1060 1192 1223 1256 AEmurxo
1252 1191 1417 1276 quandam
1442 1189 1527 1254 ruris
1551 1209 1624 1273 per·

406 1289 565 1355 ticulum.
581 1307 644 1356 111.
661 1292 817 1358 videlicet
840 1313 971 1357 manses
994 1293 1030 1357 iu
1052 1292 1124 1357 loco
1147 1291 1204 1355 ubi
1227 1291 1363 1356 solicule
1378 1290 1469 1354 illius
1484 1288 1624 1374 regionis

405 1386 646 1454 AEomrsuunn
672 1390 804 1455 nomen¹
828 1390 1055 1475 imposuerrmt
1075 1440 1084 1456 .
1106 1399 1147 1455 ut
1167 1390 1286 1455 habeat
1307 1398 1343 1455 et
1363 1389 1527 1473 possideat
1548 1407 1623 1452 euru

406 1488 558 1552 omnibus
572 1487 613 1552 ed
629 1509 664 1554 se
678 1490 741 1554 rite
755 1490 998 1575 pertinentibus
1013 1490 1196 1555 inmodicis
1210 1496 1246 1555 et
1260 1490 1296 1553 in
1311 1489 1439 1575 magnis
1453 1539 1462 1555 .
1477 1487 1624 1572 campis.

405 1585 558 1669 pascuis.
581 1587 683 1671 pratis
705 1638 713 1653 .
736 1596 772 1653 et
792 1589 886 1654 silvis
910 1589 1134 1674 silvarumque
1159 1589 1379 1655 densitatibus
1401 1639 1409 1655 .
1432 1588 1477 1653 Et
1495 1595 1570 1672 post
1589 1607 1625 1652 sa

406 1684 651 1751 succedentium
674 1687 738 1752 sibi
760 1686 917 1752 heredum
941 1688 1138 1773 cuicumque
1158 1687 1296 1753 libuerit
1315 1686 1523 1773 derelinquat
1544 1737 1552 1752 .
1575 1686 1628 1751 Sit

404 1791 516 1867 autem
525 1785 717 1869 praedictum
732 1808 789 1851 nis
800 1787 940 1853 liberum
956 1787 999 1851 ab
1013 1784 1220 1869 omniliscali
1231 1786 1357 1851 tributo
1365 1784 1626 1870 seculariumquo
1666 1808 1671 1819 ·

405 1882 603 1948 servitutum
626 1883 834 1949 exinanitum
858 1887 929 1950 sine
952 1884 1163 1970 expeditione
1191 1891 1228 1950 et
1255 1885 1367 1970 pontis
1396 1885 1522 1951 arcisve
1550 1904 1626 1950 con·

407 1981 596 2048 stmctione.

452 2080 609 2165 Quisquis
628 2088 739 2147 autem
763 2082 918 2149 benivola
940 2092 1053 2150 mente
1075 2104 1182 2149 meam
1203 2083 1415 2150 donatiouem
1430 2082 1628 2169 amplificus

407 2180 581 2265 satagerit.
597 2180 632 2244 in
644 2180 706 2246 hoc
721 2183 875 2266 primenti
890 2183 1001 2248 seculo
1015 2184 1085 2247 vita
1101 2182 1193 2248 illius
1205 2182 1403 2268 longiturure
1419 2183 1495 2247 vite
1508 2181 1628 2267 gaudia

327 2301 329 2305 ’
412 2285 524 2345 teneat
546 2327 556 2345 .
584 2279 628 2344 Et
652 2280 681 2343 ai
706 2281 881 2366 quisquam
905 2281 995 2366 quod
1019 2303 1085 2346 non
1111 2289 1265 2367 optamus
1288 2283 1420 2367 propria
1443 2281 1628 2347 temeritate

415 2379 575 2444 violenter
588 2379 744 2446 invadere
758 2379 813 2445 vel
828 2381 974 2446 minuere
989 2382 1233 2466 presumpserit
1245 2384 1330 2448 sciat
1343 2403 1379 2447 se
1394 2380 1506 2466 procul
1529 2379 1629 2445 dubio

413 2487 491 2544 aute
527 2479 673 2545 tribunal
711 2480 853 2545 districti
886 2480 1009 2564 judicis
1044 2482 1246 2547 titubantem
1283 2480 1630 2567 trnne[bu]ndumque

410 2578 570 2643 rationem
592 2579 799 2645 redditurum
814 2631 823 2646 .
838 2580 903 2645 nisi
917 2579 972 2647 hic
987 2581 1080 2665 prius
1093 2581 1193 2666 digua
1215 2581 1438 2647 satisfactione
1457 2578 1630 2645 emendare

410 2677 563 2742 maluerit
577 2728 586 2744 .
600 2678 689 2763 quod
709 2685 823 2743 contra
845 2686 994 2745 nostmm
1013 2679 1182 2745 decretum
1205 2679 1373 2765 deliquit.
1396 2679 1462 2745 llis
1483 2677 1632 2744 terruinis

410 2776 564 2859 prodicta
577 2783 665 2842 ten-e
678 2777 906 2863 circumgirata
920 2798 991 2845 esse
1006 2777 1161 2846 uidetur.

455 2875 514 2958 Dis
528 2876 646 2942 sindon
661 2881 702 2964 ba
715 2877 933 2963 laudgemaeru
945 2886 980 2943 to
993 2877 1216 2963 ugelesuurbe
1230 2929 1239 2943 .
1255 2877 1368 2943 AErert
1381 2897 1429 2962 up
1450 2876 1488 2941 of
1505 2896 1575 2961 uyn
1597 2882 1632 2940 to

410 2981 484 3062 pere
498 2975 616 3041 ealdan
631 2977 685 3042 die
699 2979 755 3063 pit
769 2978 894 3043 sacrun
911 2999 951 3063 ge
966 2998 1086 3043 mere.
1102 2977 1185 3042 tram
1199 2982 1275 3064 pere
1288 2976 1344 3041 die
1365 2983 1402 3042 to
1423 2980 1497 3064 bere
1515 2974 1632 3041 ealdan

412 3083 514 3142 strete
529 3084 563 3141 to
578 3096 708 3141 maman
724 3081 823 3163 borne
834 3129 842 3143 .
853 3080 961 3165 bouem
977 3084 1013 3143 to
1027 3076 1216 3142 marmedue
1230 3096 1251 3140 s
1264 3076 1391 3162 gemble
1405 3082 1441 3141 to
1455 3073 1561 3161 pyda.
1576 3095 1633 3162 sps

415 3176 517 3242 innan
532 3177 617 3264 pyda
632 3177 672 3242 be
688 3184 796 3261 uptun
819 3199 859 3263 ge
881 3198 978 3243 msere
1001 3227 1010 3243 .
1032 3198 1089 3262 sss
1103 3183 1140 3242 to
1153 3176 1329 3263 ult'apyr'ta
1341 3197 1382 3262 ge
1396 3195 1513 3240 ruere.
1527 3176 1633 3261 banco

413 3282 449 3341 to
463 3275 642 3360 hylpestun
656 3296 697 3359 ge
713 3296 811 3341 msere
825 3297 881 3361 spa
903 3283 938 3341 to
953 3275 1157 3360 Kyneburga
1170 3283 1285 3340 coestra
1298 3295 1339 3360 ge
1354 3294 1451 3339 maere
1472 3294 1527 3358 spo
1548 3281 1588 3339 nt
1601 3273 1639 3339 ol

418 3374 1635 3461 medumpampydabecyneburgaeoestragomoeretobumpego.

412 3473 1111 3561 oierpcnepegeandlangtereoealdan
1136 3473 1636 3561 dio.olperedicattuton

416 3592 542 3737 ”lea
556 3671 692 3737 aenae
706 3671 841 3757 praua
854 3670 988 3736 conano
1000 3691 1089 3735 mo
1103 3670 1147 3735 ab
1161 3668 1637 3738 cannamomum

413 3767 1270 3837 maculosumoeocmmundicuomm.

547 3897 616 3982 Ego
643 3897 808 3963 Edredus
832 3917 890 3962 rex
921 3895 1105 3981 Anglorum
1132 3897 1304 3982 praelatam
1337 3895 1547 3962 donatiouem
1575 3894 1640 3960 sub

679 3997 788 4083 sigillo
820 4003 942 4062 sancte
973 3995 1080 4061 mucis
1111 3998 1153 4078 ᾧ
1183 3995 1461 4062 indeclinabiliter
1489 3993 1638 4060 camasi

679 4103 779 4181 atque
794 4094 971 4161 roboravi.

553 4193 622 4280 ligo
644 4194 780 4280 AEdgisu
803 4194 952 4277 ejusdem
977 4191 1064 4279 regis
1086 4200 1195 4257 matter
1217 4212 1294 4258 enm
1324 4189 1492 4278 signaculo
1520 4198 1642 4257 uncta

684 4293 791 4359 crucia
807 4295 849 4375 ᾧ
863 4290 1081 4358 confirmari.

553 4390 622 4475 Ean
649 4390 722 4456 Ode
745 4391 1006 4457 Dorobarnensis
1026 4389 1182 4455 aeclesia
1206 4388 1470 4475 archiepiscopus
1494 4388 1641 4474 ejusdcm

683 4489 1642 4578 regisprincipatumetbeuiiuleuticmcucusigillonuctn

684 4592 790 4656 crucis
804 4591 951 4656 moclusi
965 4640 975 4658 .

791 4744 939 4807 'Kentos
949 4743 1271 4807 nimium-,88
