3758 5318
152 311 221 362 an.
234 297 329 382 948.]
455 315 590 364 amaro
612 317 655 365 ro
678 317 894 367 u'rucunsrau
918 319 1127 371 cunnum
1346 309 1368 374 3

122 468 126 476 '
155 469 270 532 oceani
290 469 328 532 in
349 471 428 536 altis
449 477 485 538 et
505 471 542 535 in
563 471 670 538 imis.
693 473 813 538 Omnia
835 495 910 541 cum
938 496 1006 541 suaa
1027 477 1212 560 majestatis
1232 477 1370 566 imperio
1471 513 1473 518 ·
1528 530 1533 542 .

156 585 246 632 nune
260 575 296 632 et
309 569 347 632 in
359 591 468 633 rerum
482 571 643 654 gubernat
665 620 674 636 .
696 573 763 637 Ceu
785 573 985 657 pupillarum
1006 575 1144 639 obtutus
1164 596 1224 658 per
1244 577 1370 663 triqua-

155 663 253 730 drum
278 667 441 732 mundum
464 669 592 734 cotidiae
614 671 758 733 cernitur
778 691 816 736 ac
835 673 1043 738 manifestata
1056 675 1151 757 signa
1165 674 1372 742 declarantur
1403 687 1406 692 '

156 765 320 847 quomodo
343 768 546 831 transeuntis
563 767 679 831 mundi
694 769 885 834 vicissitudo
906 771 1071 836 diuturnis
1092 773 1182 837 horis
1196 773 1370 840 crescendo

156 862 315 927 decrescit
328 913 337 928 .
352 870 387 929 et
400 865 589 948 ampliando
603 865 771 930 minuatur
784 915 794 932 .

200 963 324 1026 Tamen
347 983 490 1046 superno
506 963 594 1027 iulti
619 964 817 1029 adminiculo
840 967 991 1051 prosequi
1014 966 1201 1050 indigemus
1218 968 1261 1033 ad
1278 968 1369 1034 elta.

157 1056 262 1142 Cujus
287 1061 414 1126 sedicet
437 1063 572 1126 fervoris
594 1062 669 1146 igue
690 1084 885 1129 succensus.
900 1066 968 1149 Fsgo
991 1067 1176 1130 Esnannos
1196 1115 1206 1130 .
1228 1067 1370 1132 basileus

157 1157 341 1242 Anglorum
361 1168 607 1244 eetemrumque
627 1163 775 1244 gentium
790 1163 824 1225 iu
840 1163 978 1228 circuitu
993 1165 1240 1247 persistentium
1253 1165 1371 1250 guber-

159 1263 256 1321 nator
269 1265 305 1322 et
318 1264 434 1322 rector
443 1267 564 1322 sancte
576 1259 640 1323 Dei
655 1260 797 1324 ecclcsiae
812 1261 1004 1325 Uuauras'a
1012 1261 1149 1327 civitate
1163 1262 1260 1327 beato
1274 1263 1371 1328 Petro

159 1357 382 1442 apostolorum
408 1359 548 1442 principi
575 1359 709 1443 ejusque
735 1361 918 1444 coapostolo
948 1362 1051 1426 Paulo
1075 1411 1085 1427 .
1108 1363 1152 1426 ob
1180 1363 1371 1428 reverentia

159 1456 321 1520 trinitatis
341 1456 464 1521 honore
485 1507 493 1522 .
516 1457 689 1542 AElfheago
711 1458 856 1540 ejusdem
878 1459 964 1524 sedis
985 1460 1141 1543 pontifice
1173 1461 1372 1545 impetrante
1427 1449 1430 1454 ¹

155 1557 207 1619 uti
222 1555 420 1638 Cyneuualh
448 1557 485 1619 in
510 1556 643 1621 exordio
668 1557 858 1634 Christiane
880 1557 1077 1642 reli[gio]nis
1101 1557 1236 1622 domino
1259 1564 1371 1623 nostro

158 1653 182 1717 J
184 1653 265 1716 hesu
281 1653 414 1717 Christo
427 1655 563 1737 ejusque
577 1655 810 1738 prenominatis
824 1656 977 1739 apostolis
992 1656 1131 1720 devotus
1144 1663 1348 1721 00th
1362 1704 1370 1721 .

160 1772 427 1835 sucoeoeoresque
449 1753 501 1817 sui
516 1803 524 1817 .
540 1753 725 1837 Cyneuulf.
741 1760 774 1818 et
797 1754 952 1838 Egcbriht
972 1775 1087 1838 reges.
1102 1755 1185 1819 ratis
1200 1754 1372 1820 territoriis

159 1849 349 1915 renovando
363 1871 440 1914 cum
454 1852 547 1934 signo
561 1852 666 1915 crucis
686 1850 800 1916 itidem
822 1852 1069 1916 confirmaverat
1084 1903 1093 1918 .
1107 1869 1129 1916 c
1142 1903 1152 1918 .
1166 1872 1298 1917 mansas
1312 1901 1320 1917 .
1336 1852 1372 1915 in

159 1949 336 2014 Dmrtxa
349 1958 384 2014 et-
397 1951 434 2012 in
448 1951 558 2013 Eaars
569 1965 706 2013 nuum
721 1998 729 2014 .
744 1949 985 2015 .nv‚videlieet
998 1951 1034 2014 in
1048 1951 1275 2014 Duntune.et
1288 1965 1353 2013 xer
1363 1998 1378 2035 ,Ι

160 2047 198 2112 in
213 2047 314 2112 Ebles
328 2049 457 2112 burnan
472 2099 480 2113 .
495 2048 697 2112 restituendo
717 2048 805 2132 quod
827 2049 949 2132 injuste
965 2057 1033 2113 tam
1047 2070 1069 2112 a
1083 2070 1135 2114 me
1150 2069 1252 2133 quam
1266 2070 1287 2113 a
1299 2069 1380 2133 pre«

159 2145 382 2212 decessoribus
402 2147 486 2212 meis
505 2168 687 2231 possessum
702 2147 808 2211 iuerat
822 2148 874 2212 vel
889 2148 1077 2212 minutum.
1092 2157 1215 2213 aeterna
1236 2147 1374 2232 largitus

159 2265 233 2310 aum
247 2243 432 2310 hereditate
445 2293 454 2308 .
498 2244 633 2309 Maneat
641 2245 741 2329 igitur
752 2265 860 2309 meum
868 2245 929 2309 hoc
938 2245 1107 2310 immobile
1116 2247 1241 2335 donum
1252 2252 1374 2310 aetema

159 2342 313 2409 libertate
323 2343 506 2427 jocundum
520 2392 528 2407 .
544 2365 620 2408 cum
640 2344 790 2408 omnibus
812 2363 884 2427 quae
905 2343 968 2408 rite
989 2343 1033 2408 ad
1053 2343 1200 2427 predicta
1214 2342 1285 2408 lom
1299 2363 1373 2426 per·

160 2441 268 2508 tinere
293 2442 510 2507 dinoscuntur
531 2491 540 2507 .
561 2443 686 2526 mmpis
706 2491 716 2507 .
737 2441 864 2525 pascuis
879 2491 887 2505 .
902 2441 1005 2524 pratis
1018 2491 1027 2506 .
1041 2449 1182 2526 excepto
1207 2441 1374 2506 communi

158 2541 294 2608 labore.
309 2542 517 2625 expeditione
532 2541 642 2625 pontis
657 2591 665 2605 .
681 2541 803 2605 arcisve
818 2541 1080 2605 constructione.

203 2641 240 2706 Si
260 2640 319 2724 qui
339 2641 481 2724 denique
501 2641 584 2704 mihi
606 2661 671 2703 non
694 2639 820 2722 optanti
838 2638 923 2702 hanc
945 2638 1107 2702 libertatis
1120 2643 1244 2702 cartam
1257 2636 1375 2703 livora¹

158 2738 321 2823 deproe[si
334 2739 458 2803 violare
472 2738 664 2822 sa]tagerint
679 2786 686 2801 .
702 2737 885 2821 agminibus
898 2743 991 2811 tetre
1004 2736 1154 2820 mliom'nis
1164 2735 1249 2819 lapsi
1261 2756 1374 2801 vocem

160 2837 298 2902 audiant
320 2837 573 2902 examinationis
594 2836 647 2901 die
667 2836 796 2899 arbitris
813 2836 876 2899 sibi
890 2835 1029 2900 dicentis
1043 2885 1052 2899 .
1067 2834 1257 2899 “discedite
1278 2855 1299 2898 a
1320 2854 1374 2898 me

159 2936 327 3001 maledicti
345 2938 381 3000 in
395 2938 506 3021 ignem
516 2935 692 3001 aetemum”
707 2935 778 3019 ub[i
798 2954 872 2998 cum
891 2933 1084 3026 demonibus
1098 2933 1211 2998 ferreis
1225 2931 1376 3016 surtagi}

161 3035 260 3100 nibus
278 3035 405 3100 crudeli
419 3041 633 3120 torqueantur
651 3033 687 3097 in
708 3052 812 3116 poena
826 3081 834 3097 .
850 3031 878 3096 ai
897 3052 964 3096 nou
983 3031 1091 3116 [ant]e
1115 3038 1256 3095 mortem
1276 3029 1376 3114 digna

158 3132 221 3199 hoc
234 3133 513 3219 emendui·[eri]ut
526 3130 755 3217 poenit[entia]
768 3178 777 3194 .

117 3304 121 3312 ,
159 3280 296 3299 .....
316 3229 738 3317 1²0npereaanh511e.on
754 3226 1065 3313 sprdingesleabn
1086 3225 1177 3290 ebles
1198 3225 1375 3290 buruauto

161 3329 257 3395 olene
270 3381 280 3396 .
294 3352 338 3394 on
352 3352 471 3416 pysere
484 3381 493 3395 .
507 3351 551 3394 on
566 3330 611 3393 ba
626 3330 731 3392 suban
754 3325 821 3391 laoe
835 3375 843 3390 .
858 3345 901 3388 on
916 3345 1029 3390 earnes
1042 3323 1144 3389 beorh
1158 3373 1168 3388 .
1181 3343 1226 3386 on
1240 3321 1295 3386 die
1307 3371 1317 3386 .
1331 3329 1376 3387 aet

21 3486 30 3499 .
162 3427 318 3494 heoredes
337 3479 472 3494 .....
494 3449 537 3492 an
558 3434 594 3491 to
616 3432 718 3510 pytan
740 3426 909 3509 pymeon
924 3422 1004 3505 dyre
1018 3420 1097 3485 broc
1110 3471 1120 3486 .
1133 3442 1179 3485 on
1193 3419 1375 3504 pelepe.on

160 3527 206 3591 ba
230 3527 286 3591 dic
310 3534 356 3592 ret
381 3527 504 3592 hieeles
524 3527 626 3611 pyrbe
640 3575 649 3590 .
663 3529 768 3609 ponne
789 3523 857 3586 oser
878 3523 963 3585 bone
977 3520 1045 3584 feld
1058 3541 1102 3584 ou
1117 3519 1225 3604 hagan
1239 3526 1278 3583 ut
1293 3517 1376 3602 lauh

159 3628 313 3693 bramber
325 3627 414 3713 pudu
436 3675 570 3693 .....
592 3623 712 3706 anlung
736 3620 912 3703 hcrcpabes
936 3626 972 3683 to
995 3619 1065 3681 aaa
1089 3616 1198 3698 bagme
1226 3616 1319 3680 tende
1340 3622 1376 3680 to
1446 3707 1454 3721 ο

162 3728 262 3811 leger
282 3726 385 3811 bylde
407 3725 499 3789 sonia
513 3774 521 3788 .
536 3744 580 3787 on
594 3725 704 3786 bonne
717 3719 822 3803 hagan
842 3738 885 3781 ou
906 3715 1028 3781 ceorles
1042 3765 1052 3780 .
1066 3765 1076 3778 .
1089 3736 1157 3798 :epe
1173 3762 1183 3780 .
1198 3735 1242 3778 on
1256 3734 1374 3798 crapan

161 3825 305 3890 crundul
317 3875 327 3891 .
340 3825 453 3888 bonne
467 3844 510 3888 on
524 3823 569 3887 aa
591 3868 721 3885 .....
743 3839 766 3881 n
781 3817 871 3880 bric.
888 3815 1009 3896 anlung
1027 3834 1123 3905 pegoe
1140 3834 1184 3877 on
1204 3814 1250 3876 ba
1271 3812 1325 3878 dic
1339 3820 1375 3877 to

161 3923 297 4008 bp‘mera
311 3924 430 3988 cumbe
445 3973 454 3987 .
467 3942 488 4006 ]
502 3923 574 3986 aar
587 3913 706 4004 'opime
727 3917 796 3981 oser
816 3915 893 3979 breo
914 3911 1086 3978 eumdelas
1100 3961 1110 3977 .
1123 3911 1194 3975 oser
1206 3912 1252 3974 ba
1265 3917 1375 3977 straet.

161 4017 682 4109 bpyreaolerbadunetopudu
702 4065 711 4081 .
733 4064 740 4078 .
763 4063 771 4079 .
794 4064 803 4079 .
824 4063 833 4078 .
857 4011 1087 4076 unewanus
1108 4008 1237 4072 hliuces
1258 4008 1376 4075 aende.

166 4144 210 4188 on
231 4121 320 4186 bone
341 4119 483 4185 smalun⁸
504 4139 564 4204 peg
577 4166 587 4182 .
600 4117 670 4180 oser
690 4113 747 4196 hig
768 4111 865 4177 curnb
879 4159 888 4175 .
902 4130 946 4174 on
967 4111 1054 4173 bam
1076 4106 1204 4172 snralan
1218 4127 1296 4191 pege
1310 4158 1320 4174 .
1333 4127 1377 4172 on

164 4223 259 4286 bane
273 4228 350 4284 stan
364 4270 373 4284 .
388 4239 432 4283 ou
451 4220 520 4281 beet
539 4215 614 4279 hab
627 4211 811 4300 pestepeard
826 4260 834 4277 .
849 4230 892 4274 on
905 4210 992 4273 bone
1005 4206 1107 4301 beorh
1127 4255 1263 4273 .....
1284 4205 1377 4290 ding-

160 4319 279 4386 ealand
294 4338 405 4384 soeure
422 4366 432 4383 .
447 4320 473 4402 ᾗ
487 4314 552 4380 sub
565 4335 609 4379 on
623 4308 849 4378 stretfordzu

218 4482 923 4572 what-reinbmkenmuppbedlmmflss
1059 4486 1380 4548 ¹1³⁸oeande

161 4590 292 4644 msa
427 4576 675 4640 'habitab
1187 4649 1248 4712 Η
