3758 5318
378 469 442 519 sn.
456 450 547 534 958.]
789 462 923 511 usna·
944 462 988 511 ru
1009 462 1180 514 ammas.
1338 438 1355 461 “’
1515 446 1582 511 223

1034 638 1064 672 .

382 737 477 801 roas.
501 736 606 800 oram
630 735 669 815 ry
696 734 784 815 rim
811 732 942 797 sauna
963 740 996 797 o
1017 736 1068 798 aas
1093 735 1186 819 usp„
1205 734 1369 811 surram,
1390 734 1431 817 of
1444 732 1526 797 rans
1549 738 1586 795 «ι
1709 696 1713 703 ’
1810 690 1814 697 ’

642 832 814 916 Suiasord,
826 852 868 895 oo
882 831 932 895 tlw
946 832 986 896 rt
1001 832 1110 913 Sioua,
1122 854 1162 898 co.
1176 832 1328 917 Stofford

679 966 886 1029 Bonnnnuns
909 982 972 1030 aoc
993 984 1017 1031 a
1037 983 1084 1031 ou
1105 984 1169 1032 scs
1187 983 1296 1033 nara.

428 1080 469 1159 ›1‹
493 1078 535 1140 In
557 1075 688 1140 nornine
710 1074 811 1139 cosmi
827 1073 998 1140 salvatoris
1018 1085 1054 1141 et
1075 1075 1209 1141 humani
1230 1076 1359 1161 generis
1378 1074 1591 1161 redemptoris
1619 1092 1624 1101 ·

383 1178 488 1241 Jiresu
504 1174 626 1240 Christi
641 1173 763 1237 domini
786 1173 891 1237 nostri
911 1174 972 1257 qui
992 1174 1082 1239 solus
1103 1194 1179 1239 cum
1200 1181 1292 1259 patre
1314 1182 1350 1239 et
1374 1194 1450 1239 cum
1471 1174 1590 1259 spiritu

383 1282 501 1339 sancto
511 1294 645 1357 regnum
660 1279 751 1335 tenet
766 1272 973 1337 immortale.
990 1273 1131 1338 Assidue
1144 1274 1332 1357 contingere
1346 1272 1431 1337 solet
1447 1278 1489 1337 nt
1506 1272 1591 1339 bane
1638 1302 1641 1308 ·

384 1392 603 1457 processurum
618 1371 747 1434 decreta
768 1390 827 1453 per
839 1378 1006 1435 momenta
1019 1378 1202 1455 temporum
1223 1371 1331 1455 spatia
1344 1370 1437 1455 velut
1449 1370 1592 1456 quodam

386 1474 479 1535 surse
495 1469 643 1553 caliginis
658 1469 745 1531 nube
759 1474 912 1553 tegantur
927 1468 991 1533 nisi
1006 1468 1279 1553 cprographorum
1293 1467 1499 1533 cautionibus
1513 1466 1592 1534 lide-

384 1569 532 1651 linmque
555 1588 764 1651 personarum
787 1566 850 1631 sub
875 1567 1102 1632 testimoninm
1127 1567 1344 1651 plurimorum
1371 1564 1593 1651 adstipulante

387 1668 536 1731 roborata
552 1666 698 1731 fuerint.

431 1765 505 1843 Qua
528 1764 569 1828 de
592 1785 628 1828 re
652 1784 711 1847 ego
735 1763 877 1826 Eanum
900 1782 960 1825 rex
981 1762 1164 1847 Anglorum
1179 1771 1434 1848 caeterarumque
1445 1760 1596 1843 gentium

387 1865 422 1928 in
445 1862 583 1928 circuitu
609 1862 853 1946 persistentium
874 1860 1073 1943 gubernator
1093 1871 1128 1926 et
1149 1868 1254 1927 rector
1274 1861 1350 1927 dedi
1372 1860 1502 1926 cuidam
1522 1878 1597 1925 meo

388 1962 539 2025 ministro
554 1960 695 2024 vocitato
716 1959 849 2024 nomine
871 1958 1041 2023 Butam-imi
1064 1976 1123 2025 ,vl
1144 2010 1152 2025 .
1175 1980 1305 2025 mansas
1325 1958 1459 2045 agelluli
1479 1958 1598 2027 inito

388 2060 459 2125 loco
474 2059 530 2122 ubi
547 2057 683 2121 ruricolc
706 2056 907 2141 appellativo
927 2077 992 2121 usu
1013 2056 1270 2141 ludibundisque
1291 2055 1459 2121 vooebn12·
1477 2050 1482 2057 ’
1523 2076 1598 2121 men

389 2159 614 2241 imposuerunt
629 2158 795 2240 Sp1xroun
810 2205 818 2220 .
832 2155 991 2239 quatinus
1004 2154 1124 2220 habeat
1138 2176 1176 2220 ac
1190 2160 1299 2239 perw'
1382 2192 1420 2220 „a
1436 2154 1600 2239 possideat

389 2256 546 2340 quamdiu
561 2256 653 2319 tivat
666 2262 701 2319 et
711 2263 786 2339 post
796 2275 831 2319 se
842 2254 1037 2337 cuicumque
1049 2254 1189 2318 voluerit
1200 2252 1387 2319 sanante
1396 2252 1601 2337 derelinquat

390 2355 488 2419 alieni
504 2354 556 2417 vel
572 2354 717 2419 extranei
732 2353 767 2415 in
783 2352 908 2436 campis
924 2398 933 2416 .
948 2353 1101 2436 pascuis.
1117 2353 1242 2436 pratis.
1258 2351 1370 2417 silvis.
1381 2350 1504 2416 Sithon
1517 2370 1600 2435 prm·

391 2454 516 2517 dictum
542 2473 597 2516 rus
622 2451 705 2515 liber
729 2451 771 2515 ab
794 2451 885 2514 omni
911 2449 1074 2514 mundiali
1099 2448 1268 2514 obstaculo
1290 2468 1366 2513 cum
1387 2447 1538 2513 omnibus
1558 2446 1602 2513 sd

392 2574 427 2617 sc
440 2552 503 2617 rite
518 2550 756 2635 pcrtinentibus
768 2558 888 2633 praeter
907 2569 1015 2614 arcem
1036 2554 1136 2633 atque
1156 2554 1292 2633 pontem
1313 2547 1490 2633 agonisque
1508 2544 1602 2613 obse·
1683 2612 1686 2619 ,

392 2669 532 2733 qurum.

438 2762 478 2840 »1⁴
502 2758 566 2823 llis
581 2757 677 2821 metis
692 2756 866 2840 praelatum
880 2777 937 2821 rus
950 2756 1030 2821 hinc
1043 2756 1120 2821 inde
1134 2757 1283 2843 giratur.
1327 2754 1493 2821 AEreston
1506 2776 1604 2841 spyn·
1657 2810 1662 2819 .

394 2858 466 2921 iord
481 2906 489 2920 .
504 2856 541 2919 of
559 2854 722 2939 spinforda
735 2874 778 2918 on
794 2874 910 2938 pecges
923 2853 1018 2919 ford.
1034 2855 1070 2919 oi
1090 2854 1299 2939 pecgesiorda
1313 2873 1356 2917 on
1369 2852 1604 2919 deomaniord.

396 2958 433 3019 oi
456 2953 691 3020 dconiunforda
717 2953 753 3017 in
779 2952 945 3017 deonflinc
965 2952 1039 3017 ford
1059 3003 1068 3017 .
1090 2953 1125 3017 of
1146 2952 1310 3017 deonflinc
1332 2951 1424 3016 iorda
1446 2952 1483 3016 in
1504 2952 1606 3018 holsn

395 3056 501 3119 hacc.
515 3053 553 3116 of
563 3051 662 3115 holan
678 3052 764 3116 baecc
778 3052 813 3115 in
829 3052 1024 3140 eorgbrycge
1039 3102 1047 3115 .
1061 3052 1099 3116 oi
1110 3051 1323 3136 eorthbrycge
1336 3052 1373 3115 in
1387 3050 1541 3137 tigpellan
1556 3056 1606 3139 ,p

397 3176 451 3237 spa
467 3154 503 3216 in
522 3172 655 3235 ynrnran
671 3149 760 3235 holig
774 3200 782 3214 .
798 3152 833 3214 of
854 3170 988 3233 pruman
1004 3149 1136 3234 beligne
1150 3150 1187 3214 in
1201 3149 1308 3213 cudan
1324 3150 1429 3215 dena.
1445 3150 1482 3214 ol
1499 3150 1608 3216 eaden

397 3252 480 3316 deuo
495 3272 538 3314 on
552 3250 597 3314 'oa
609 3250 664 3313 uic
678 3249 781 3313 bufan
804 3248 962 3311 foxcotun
977 3247 1075 3333 Jlong
1096 3248 1185 3313 dices
1206 3256 1241 3312 to
1263 3254 1344 3333 pam
1360 3249 1455 3314 broce
1476 3258 1513 3313 to
1533 3254 1608 3336 pam

397 3348 596 3435 stangedelfe
612 3395 622 3412 .
637 3347 673 3411 os
691 3346 783 3411 tharn
798 3345 1001 3429 stangedelfe
1015 3347 1056 3411 be
1078 3350 1160 3431 paene
1182 3346 1269 3411 elesa
1291 3354 1326 3410 to
1347 3346 1419 3431 pala
1432 3347 1537 3413 crofta
1550 3347 1610 3439 .ol

398 3449 469 3533 pala
482 3448 584 3513 crofta
600 3448 634 3511 in
649 3454 731 3537 ponc
754 3448 896 3511 su'oeran
909 3444 1009 3509 holan
1031 3445 1118 3511 baece
1134 3493 1144 3511 .
1159 3445 1258 3530 ]long
1279 3444 1383 3510 baeoes
1407 3446 1463 3531 pio
1484 3450 1611 3533 acopon

397 3554 560 3611 eostacote
575 3596 582 3611 .
599 3545 696 3629 ]long
710 3544 799 3609 dices
813 3545 850 3607 in
872 3542 1110 3628 gnendelsmere
1124 3592 1133 3606 .
1148 3543 1185 3606 of
1201 3542 1442 3627 grendelsmere
1461 3543 1499 3609 in
1519 3552 1610 3609 stan·

398 3646 494 3709 cosan
510 3694 518 3709 .
532 3645 567 3708 oi
589 3644 758 3709 stancofan
773 3643 871 3726 ]long
886 3642 974 3705 dune
989 3662 1031 3705 on
1047 3641 1150 3705 stiran
1165 3660 1253 3705 mere
1267 3691 1276 3705 .
1291 3640 1329 3706 oi
1346 3642 1450 3707 stiran
1464 3662 1553 3707 mere
1566 3662 1612 3707 on

399 3748 553 3828 lustrate
568 3793 576 3808 .
592 3741 689 3826 310ng
703 3750 813 3805 straete
827 3760 871 3803 on
886 3744 926 3825 pu
941 3738 1081 3823 stapelas
1096 3740 1133 3803 of
1150 3742 1214 3824 pan
1229 3738 1396 3823 stapnlnm
1409 3761 1452 3805 on
1466 3738 1613 3826 pindoiar

400 3842 438 3905 oi
458 3841 623 3927 pindoicre
645 3841 681 3905 in
703 3840 795 3924 acleg
816 3839 877 3903 ,οἰ
895 3838 985 3903 aclea
1007 3846 1043 3901 to
1063 3837 1204 3903 lnsdune
1226 3838 1263 3902 os
1281 3836 1422 3904 lusduna
1443 3860 1486 3904 on
1507 3840 1615 3905 sican-

400 3939 516 4023 byrig.
532 3940 570 4004 of
587 3939 774 4022 sicanbyrig
795 3957 840 4002 on
860 3940 903 4017 pa
924 3944 1036 4001 strate
1057 3986 1066 4000 .
1088 3943 1123 4001 et
1144 3936 1222 4019 long
1237 3944 1346 4001 straete
1367 3943 1403 4001 to
1423 3936 1618 4003 meredicoi

401 4036 569 4102 nur-redies
583 4058 625 4099 on
641 4042 730 4100 sture
745 4085 753 4098 .
768 4034 868 4119 ]long
882 4044 972 4099 sture
987 4038 1012 4119 p
1027 4034 1088 4098 eit¹
1103 4055 1146 4099 on
1162 4034 1338 4117 Spiniord.

447 4136 552 4213 Quam
567 4135 595 4198 si
610 4134 685 4217 quis
699 4134 770 4197 iace
785 4132 934 4197 denronis
948 4132 1136 4215 subpositus
1149 4130 1315 4215 aliquibus
1329 4132 1466 4197 maculis
1483 4134 1616 4199 turbare

404 4236 556 4321 satagerit
571 4284 578 4299 .
593 4236 676 4299 sciat
693 4256 729 4299 se
751 4233 792 4299 de
815 4234 942 4317 superis
963 4232 1064 4317 pulsu
1086 4232 1261 4298 demonum
1275 4233 1312 4297 in
1329 4233 1397 4297 ima
1409 4233 1617 4308 cadendum,

405 4334 469 4399 nisi
483 4334 574 4419 prius
588 4333 642 4397 hic
656 4332 698 4397 ad
712 4332 969 4397 satisfactionem
984 4330 1095 4395 venire
1110 4328 1291 4394 maluerit.
1347 4362 1350 4367 ·

536 4471 577 4550 ›1‹
600 4469 668 4553 Ego
683 4466 757 4533 Oda
770 4466 1034 4549 archiepiscopus
1048 4464 1221 4529 consensi.

538 4569 580 4648 ᾧ
604 4568 672 4651 Ego
687 4564 819 4631 Osoetel
833 4563 1096 4647 archiepiscopus
1111 4582 1176 4627 non
1192 4562 1312 4627 muni.

945 4684 956 4719 ¹
974 4686 1031 4745 Est,
1044 4682 1080 4735 rt.
