3758 5318
623 375 667 440 ss
895 389 1029 438 rannso
1051 389 1094 438 ro
1115 369 1336 441 cinnanum
1357 388 1557 439 curitsnaau
1664 376 1830 462 [moso

625 545 755 612 tartare
782 546 881 611 ducat
903 570 912 627 ;
932 547 999 612 Sed
1019 548 1124 614 sandi
1148 548 1210 612 viri
1233 567 1366 632 presago
1387 547 1503 632 spiritu
1525 547 1676 614 bestiales
1698 570 1831 637 procog-

626 645 807 711 noseentes¹
831 645 968 711 insidias
991 654 1085 710 scuto
1110 646 1202 713 bonta
1227 645 1407 713 voluntatis
1436 649 1579 714 coronati
1606 652 1766 736 quiequid
1794 651 1831 718 iu

624 748 805 832 semetipsis
826 755 992 812 terrenum
1013 749 1162 813 sentiunt
1184 746 1404 813 indesinenter
1418 748 1521 833 adque
1537 752 1664 816 naviter
1677 754 1831 838 operibns

625 847 745 912 sanetis
768 847 956 911 exuuriunt⁸
970 847 1058 911 unde
1079 846 1280 912 dissooriatis
1303 868 1409 911 coram
1431 847 1559 914 Christo
1576 850 1682 916 Jhesu
1703 853 1832 918 meritis

625 944 796 1010 rutilantes
811 946 978 1011 simillima
994 947 1109 1011 dtanei
1126 946 1261 1032 fulgoris
1275 946 1341 1010 luoi
1354 955 1601 1031 presententnr3
1622 950 1677 1015 De
1689 972 1831 1035 quorum

624 1046 774 1129 preconio
794 1046 874 1110 tuba
888 1053 1009 1110 sanae
1024 1047 1192 1130 scripturn
1207 1046 1366 1111 rebohans
1381 1047 1465 1112 inter
1478 1047 1543 1112 alia
1557 1049 1744 1114 testimonis
1758 1070 1832 1135 pro·

624 1145 754 1228 pensius
777 1145 993 1229 intellegenda
1006 1146 1133 1211 <nostris
1147 1145 1216 1210 hsee
1230 1146 1359 1230 gemina
1374 1146 1504 1211 auribus
1518 1147 1706 1212 resultando
1719 1148 1833 1234 prolu-

625 1244 698 1325 dit;
719 1245 852 1308 “Beati⁴
866 1265 1006 1328 quorum
1026 1245 1223 1309 vestimentu
1244 1244 1319 1309 albu
1339 1252 1417 1310 sunt
1438 1246 1472 1310 in
1495 1254 1668 1330 eonspectn
1683 1247 1833 1314 domini”

540 1413 544 1420 ,
625 1351 659 1410 et
673 1343 751 1408 alibi
766 1393 774 1408 .
789 1351 805 1377 “
813 1343 909 1427 justi⁵
923 1342 1097 1428 lulgebuut
1111 1344 1197 1408 sieut
1211 1337 1260 1408 sol
1276 1343 1310 1408 iu
1325 1364 1423 1428 regno
1436 1344 1538 1429 patris
1553 1346 1702 1426 eorum';

669 1442 777 1525 liujus
792 1463 866 1526 orgo
880 1441 1036 1506 dominici
1048 1450 1240 1526 conspectus
1256 1451 1289 1506 et
1303 1441 1430 1527 paterni
1441 1463 1547 1508 arnora
1559 1443 1648 1528 regui
1660 1444 1832 1528 profuistis.

626 1542 713 1606 uude
736 1540 827 1604 uobis
847 1540 955 1605 victus
977 1548 1080 1605 restat
1105 1541 1177 1605 sino
1202 1539 1302 1604 dubio
1324 1550 1431 1606 certus
1453 1541 1492 1606 de
1507 1562 1572 1626 quo
1586 1541 1714 1607 scilieet
1727 1542 1835 1608 rictu⁸

625 1639 764 1704 dominis
789 1638 1069 1705 niuniu-beent
1094 1639 1153 1723 qui
1179 1638 1390 1704 manducabit
1410 1659 1525 1723 ponem
1552 1640 1587 1704 in
1610 1661 1709 1727 regno
1732 1641 1835 1723 Dei'';

626 1739 694 1824 Ego
704 1739 841 1802 &naun
857 1759 913 1803 rex
924 1738 1038 1802 divina
1052 1738 1157 1822 gmtio
1172 1738 1273 1802 totius
1286 1737 1435 1803 Albionis
1450 1738 1642 1805 monarchus
1651 1789 1660 1804 .
1669 1747 1705 1804 et
1718 1740 1834 1825 prisni-

624 1836 730 1902 eerius
745 1836 874 1903 eluisse
896 1836 964 1921 regi
986 1857 1059 1901 rneo
1074 1886 1082 1901 .
1098 1837 1133 1900 in
1156 1836 1273 1901 throno
1295 1837 1385 1921 regni
1407 1837 1555 1920 perennis
1571 1837 1834 1922 per[pe]tunliter

626 1935 867 2002 subthronizuto
881 1941 890 1999 t
905 1943 941 2002 et
965 1936 1128 2001 oouoessis
1152 1936 1235 2000 mihi
1253 1936 1295 2000 ab
1314 1936 1427 2001 eodem
1448 1936 1596 2001 labilium
1618 1938 1708 2022 gotis
1725 1958 1833 2002 rerum

626 2035 749 2120 accepti
774 2035 914 2100 tirocinii
938 2043 1057 2121 qururto
1079 2035 1145 2101 rnei
1171 2035 1333 2100 terrestris
1358 2036 1448 2120 regni
1470 2056 1556 2101 anno
1576 2086 1585 2103 .
1608 2034 1650 2101 ud
1671 2035 1833 2121 templum

627 2156 685 2201 suo
713 2135 1019 2220 inconprehensibili
1048 2134 1234 2200 dediestum
1265 2135 1388 2199 nomini
1410 2185 1417 2199 .
1440 2135 1473 2200 in
1506 2135 1582 2201 urbo
1611 2136 1836 2200 Donoumu

629 2234 741 2301 Odone
755 2234 994 2319 arcliiepisoopo
1008 2233 1291 2318 metropolitanum
1307 2233 1489 2298 cathedr-ani
1502 2232 1684 2318 presidente
1694 2241 1729 2298 et
1743 2232 1835 2317 regni

628 2334 765 2400 eaelestis
790 2355 887 2419 super
911 2355 990 2398 arun
1017 2334 1221 2398 brittannica
1237 2332 1345 2397 claues
1360 2335 1586 2417 preportante!
1603 2330 1836 2396 monasterium

628 2434 847 2498 Racuusnss
861 2431 912 2497 bis
926 2432 1021 2497 denis
1035 2432 1188 2517 senisque
1202 2430 1399 2497 {estimatum
1414 2430 1547 2496 cassatis
1561 2427 1700 2496 interius
1713 2428 1834 2494 exteri·

627 2551 730 2615 usque
744 2552 817 2594 curn
832 2531 984 2596 omuibus
998 2531 1042 2596 ad
1056 2530 1119 2596 boo
1140 2532 1238 2597 rebus
1259 2531 1322 2594 rite
1337 2527 1575 2613 pertinentibus
1591 2577 1599 2594 .
1613 2529 1684 2593 sive
1698 2527 1834 2592 litorum

627 2629 696 2694 sive
722 2650 909 2714 camporum
928 2651 1079 2713 agrorum
1101 2630 1288 2695 saltuumue
1302 2677 1310 2693 .
1326 2628 1411 2692 siout
1433 2626 1568 2692 inferius
1582 2626 1746 2691 territoria
1761 2646 1836 2711 pro-

627 2727 814 2813 mulgentur
831 2777 839 2794 .
855 2728 1041 2795 humillime
1070 2738 1170 2815 atque
1185 2727 1407 2793 devotissime
1430 2727 1555 2792 sincero
1578 2724 1673 2790 eorde
1699 2725 1736 2790 in
1762 2746 1836 2810 per-

627 2836 762 2911 petuum
773 2828 829 2910 jus
843 2829 990 2912 quandiu
1005 2829 1236 2895 Christianitns
1248 2826 1356 2911 rigeat
1370 2845 1429 2911 pro
1443 2824 1524 2891 meis
1538 2823 1711 2890 abluendis
1722 2845 1836 2891 eroes·

629 2931 717 2995 sibus
732 2929 1058 2995 indeterminabiliter
1072 2930 1238 3015 inpendo.

672 3029 708 3094 Si
722 3030 796 3114 quis
810 3036 920 3093 autern
935 3029 1024 3113 qnod
1039 3030 1124 3094 absit
1135 3030 1313 3095 tinunnieu
1323 3030 1423 3096 fretus
1438 3033 1596 3114 potestate
1612 3025 1730 3112 regulis
1741 3025 1837 3111 epis·

629 3127 750 3212 copulis
775 3128 844 3193 siue
869 3127 967 3192 bomo
989 3127 1130 3212 alicujus
1149 3128 1319 3214 dignitatis
1345 3128 1406 3194 hoo
1427 3127 1590 3193 decretum
1615 3147 1637 3191 a
1661 3125 1735 3192 Deo
1754 3124 1838 3190 milui

629 3225 791 3290 oonlntum
807 3276 814 3291 .
830 3225 1007 3311 infringere
1022 3229 1233 3311 temptaverit
1247 3278 1254 3292 .
1270 3229 1339 3295 sive
1353 3228 1496 3312 hujuseae
1517 3224 1703 3291 donationis
1723 3247 1745 3291 a
1765 3246 1838 3312 pre·

632 3323 699 3389 ints
713 3324 855 3390 seoolesis
871 3324 925 3389 sel
940 3346 1072 3411 possm
1088 3326 1181 3411 pedis
1195 3327 1409 3412 segregaverit
1423 3375 1431 3392 .
1446 3326 1481 3390 ni
1495 3326 1620 3411 primus
1635 3324 1699 3390 boo
1713 3324 1840 3391 inornu

631 3422 735 3489 soelus
750 3423 947 3509 poenitendo
961 3423 1133 3491 deterserit
1148 3473 1158 3491 .
1173 3447 1208 3491 se
1233 3425 1391 3508 sacrilegii
1415 3423 1544 3509 eulpam
1565 3423 1739 3488 incurrisse
1759 3431 1795 3488 et
1819 3444 1841 3488 s

630 3524 761 3590 domino
782 3526 803 3590 J
806 3526 888 3590 besu
908 3526 1041 3592 Christo
1056 3528 1297 3613 inperpetuum
1311 3527 1381 3592 sine
1397 3525 1464 3591 ullo
1478 3525 1708 3592 subtractionis
1723 3524 1840 3590 resoci-

629 3624 699 3691 latu
714 3625 965 3712 dampnatorum
981 3628 1180 3711 persentiat3
1195 3628 1286 3694 llaec
1297 3627 1384 3694 enim
1394 3625 1567 3711 singrapha
1578 3624 1839 3692 mutueminiee

630 3723 880 3790 iuoarnutionisb
896 3739 1082 3790 uooccxux
1095 3730 1105 3787 t
1120 3725 1371 3790 orthodoxorum
1393 3726 1514 3811 scriptu
1527 3733 1578 3790 est
1592 3723 1750 3789 unanimo
1762 3743 1840 3790 oon·

631 3842 727 3886 sensu
739 3821 879 3887 viromrn
890 3843 1031 3906 quonum
1041 3821 1177 3888 interius
1192 3823 1323 3887 uoruiua
1336 3822 1497 3888 litteraris
1510 3820 1669 3905 qualitate
1678 3819 1841 3909 distingui

628 3918 839 3985 videnturiu

762 4052 803 4135 ᾧ
827 4051 894 4136 Ego
908 4051 1037 4117 hund
1052 4073 1108 4118 rex
1125 4052 1237 4117 dirius
1253 4060 1439 4137 protegente
1460 4051 1563 4138 grutiu
1578 4050 1731 4117 albionis
1751 4071 1842 4118 sum·

889 4169 978 4214 nram
1000 4151 1168 4235 presidens
1189 4150 1269 4236 agise
1283 4151 1387 4217 erucis
1400 4150 1486 4216 huno
1499 4149 1658 4216 eurtulm
1672 4151 1842 4218 uotumius

890 4248 1093 4334 perstriuxi!

679 4419 806 4486 ⁸·tlu,⁸·
961 4420 1122 4487 ῬΜ-,8.
1259 4419 1457 4486 'tama
1595 4419 1842 4486 ‘ffb-vill.

630 4502 849 4565 'nuum
998 4499 1844 4572 ‘Dsqnotvitltddlioutlristmwliuqssstssfflzkg

629 4583 1380 4651 dunsthtxmeopytsgbunmemtuss
1398 4581 1844 4641 ΜΜΜΜᾹΜΜ

631 4665 1138 4732 ΜΜΨΜΝΜ.
1235 4664 1440 4726 'lau-dni..
1535 4661 1721 4730 'Mul
