3758 5318
297 560 363 625 248
726 574 849 623 nnosn
869 572 912 623 ro
935 572 1071 623 mes.
1332 558 1412 643 [sn.
1427 561 1506 642 95⁸·

296 751 449 795 mensure
463 749 632 816 espesoere
646 777 655 796 .
671 728 794 795 Iseiruo
808 750 866 816 ego
880 728 1020 795 AEnosn
1039 728 1223 795 industrius
1243 727 1425 815 duplorum
1446 750 1505 796 rex

297 838 543 914 oeterni-umque
562 828 712 914 gentium
734 828 770 893 iu
792 829 966 895 circumitu
988 828 1233 915 persistentium
1255 828 1451 913 gubernetur
1471 835 1507 895 st

296 938 424 994 rector.
441 928 593 995 Secundo
607 947 693 992 suno
708 927 838 1013 imperii
852 928 918 993 mei
938 927 1143 994 litteratoriis
1163 926 1313 1012 apicibus
1333 926 1506 993 roboreri.

296 1030 383 1115 quod
412 1052 488 1096 cum
516 1050 677 1095 eonsensu
705 1028 909 1095 heroicorum
933 1032 1081 1095 virorum
1104 1028 1234 1095 enidsm
1260 1048 1334 1095 mee
1355 1028 1507 1097 ministre

296 1130 439 1195 vocitato
454 1128 585 1194 nomine
600 1128 773 1193 Minor.
789 1128 824 1193 id
839 1138 913 1195 est.
929 1143 951 1190 v
965 1179 974 1195 .
989 1136 1133 1195 esssntos
1146 1126 1336 1193 eternaliter
1349 1126 1508 1194 trsdsndo

296 1228 440 1293 eonoessi
455 1227 511 1291 ubi
527 1226 699 1291 turbarum
718 1226 893 1292 collatione
911 1226 982 1311 jsm
1004 1226 1130 1291 dudum
1152 1246 1271 1291 nomeu
1293 1224 1424 1289 ilistum
1444 1225 1507 1292 boo

296 1324 407 1391 edesse
429 1324 593 1410 profertur
614 1376 622 1391 .
645 1340 698 1389 m
720 1324 926 1391 Orunwxn.
944 1324 992 1391 Ut
1013 1333 1134 1390 terrem
1153 1324 1224 1409 jum
1245 1324 1415 1408 preesstsm
1434 1344 1509 1391 rnen

296 1423 422 1489 scilieet
434 1432 555 1489 orento
577 1444 732 1489 eoncesm
747 1422 938 1488 trsmttibus
959 1442 1027 1487 sure
1048 1422 1213 1507 possident
1227 1422 1305 1487 vite
1320 1470 1330 1489 .
1345 1422 1509 1509 Deiuesps

295 1540 437 1605 nemque
451 1522 514 1587 sibi
529 1519 718 1587 suceedenti
733 1520 787 1587 cui
798 1520 942 1585 voluerit
956 1520 1069 1587 heredi
1078 1518 1285 1605 derelinquet
1297 1538 1358 1585 oen
1372 1518 1508 1604 predixi

295 1618 346 1685 illi
360 1619 396 1685 iu
411 1630 566 1684 eternam
581 1618 807 1685 hereditatem
822 1668 831 1685 .
847 1618 986 1685 Msnmt
1006 1618 1108 1705 igitur
1127 1637 1238 1683 meum
1259 1616 1323 1683 boo
1343 1616 1510 1684 immobile

295 1716 419 1783 donum
444 1724 559 1781 eterne
583 1715 738 1782 libertate
757 1718 941 1803 jocundum
966 1738 1042 1785 eum
1065 1717 1219 1784 omuibus
1240 1736 1315 1802 qne
1335 1716 1379 1783 sd
1400 1716 1509 1803 ipsum

295 1815 404 1881 locum
430 1816 595 1900 pertinere
616 1814 866 1882 dinoscuntur.
888 1826 957 1881 tum
981 1817 1018 1881 in
1041 1815 1169 1901 nssgnis
1191 1834 1292 1900 qusm
1314 1816 1351 1879 iu
1374 1814 1510 1883 modieis

296 1914 414 1979 rebus.
431 1914 577 1997 eampis.
601 1915 757 1999 pascuis.
780 1914 884 2000 pestis
897 1966 906 1981 .
921 1914 1038 1981 silvis.
1053 1920 1191 2001 excepto
1211 1913 1378 1979 eommuni
1398 1912 1510 1981 isbors

294 2011 502 2099 expeditione
517 2062 525 2077 .
540 2014 653 2097 pontis
667 2014 795 2080 sreisre
809 2012 1074 2081 ooedidestione.

340 2112 376 2176 Si
389 2112 449 2195 qui
463 2111 606 2195 denique
621 2111 706 2177 mihi
727 2133 796 2179 nou
817 2114 946 2198 optnuti
966 2111 1054 2179 buue
1074 2110 1238 2179 libertstis
1257 2110 1387 2177 ksrtsm
1408 2110 1511 2181 livore

295 2207 441 2295 depressi
463 2208 586 2275 violare
608 2211 814 2295 sategerint.
836 2211 1024 2297 sgminibus
1044 2216 1104 2277 tite
1125 2210 1276 2297 osliginis
1293 2208 1378 2297 lspsi
1397 2230 1511 2279 vooem

296 2308 434 2373 sudisnt
448 2308 703 2373 examinationis
717 2307 771 2376 die
785 2308 919 2375 srbitris
933 2308 997 2375 sibi
1020 2308 1163 2375 dicentis
1178 2356 1187 2375 .
1200 2316 1218 2343 ⁸·
1228 2308 1397 2375 Disoedite
1417 2308 1439 2375 b
1458 2328 1512 2377 uss

297 2408 465 2474 maledieti
475 2408 510 2472 in
522 2409 631 2493 ignem
646 2417 796 2473 eternum
805 2408 864 2475 ubi
874 2430 949 2475 enm
959 2408 1153 2475 demonibus
1168 2408 1281 2475 terreis
1294 2408 1512 2495 seminibus

297 2506 422 2571 erudeli
437 2513 656 2591 torqueantur
669 2506 705 2571 in
720 2508 840 2591 penn”.
856 2508 885 2572 si
900 2527 965 2573 non
980 2514 1058 2573 sute
1070 2516 1210 2573 mortem
1220 2506 1320 2593 digus
1330 2506 1393 2573 boe
1403 2526 1512 2575 emen

297 2604 449 2669 dsverint
463 2604 671 2689 penitentis.
715 2608 801 2671 Acts
813 2616 864 2671 est
878 2606 939 2671 bec
953 2605 1090 2690 praefsts
1103 2604 1237 2672 donstio
1250 2624 1338 2671 suno
1351 2604 1513 2674 dominis·

297 2702 534 2768 incarnationis
548 2753 557 2767 .
572 2718 762 2767 necocsrm
777 2752 786 2769 .
800 2702 981 2771 indictione
994 2704 1120 2789 prims.

430 2820 500 2905 Ego
514 2820 640 2907 AEdgnr
653 2842 711 2887 rex
727 2820 911 2907 Augiornm
925 2822 1202 2891 indeelinsbiliter
1212 2824 1382 2894 messi.

430 2920 500 3005 Ego
516 2918 657 3004 Oskytel
671 2922 844 3007 episcopus
857 2924 1006 2989 eonseusi
1020 2930 1056 2989 st
1069 2922 1246 3009 subscripsi
1261 2972 1282 3019 .-

431 3018 501 3101 Ego
515 3017 672 3083 Dunsten
688 3019 863 3105 episeopus
875 3022 1027 3089 eonsensi
1041 3029 1077 3086 st
1089 3022 1271 3109 subscripsi
1285 3070 1296 3091 .

431 3115 502 3200 Ego
518 3115 666 3199 Kynesie
681 3118 854 3203 episeopus
867 3120 1018 3186 eonseusi
1032 3126 1067 3185 et
1079 3120 1281 3207 subscripsi.

431 3212 500 3299 Ego
516 3214 640 3279 Athuli
658 3216 832 3301 episeopus
845 3218 995 3283 oonseusi
1009 3224 1045 3283 et
1058 3218 1236 3305 subscripsi
1250 3266 1260 3287 .

432 3312 502 3395 Ego
517 3312 700 3380 Leuiuuins
715 3315 890 3401 episeopus
903 3317 1054 3383 eonsensi
1067 3326 1104 3383 et
1118 3316 1319 3404 subseripn'.

430 3410 584 3477 AEltbers
596 3410 666 3479 dux
680 3463 690 3480 .

433 3506 626 3577 Urmdus.
1065 3514 1284 3583 amdam.

431 3604 726 3676 AEtbeistsudux.
1067 3608 1320 3683 AEtbeluusrd.

430 3702 674 3773 Gnunerdus.
1069 3710 1294 3779 Rdsiuuotd.

431 3800 759 3873 AEtbslmunddux.
1070 3808 1229 3895 Sigued.

429 3899 620 3967 suetonum
634 3902 726 3971 dux.
1069 3906 1224 3975 AEtned.

431 3997 725 4083 Byrbtnotbdux.
1066 4004 1272 4093 AEtbelsigs.

431 4094 562 4163 Utbred
575 4097 669 4166 dnn.
784 4092 789 4097 ’
1013 4162 1019 4171 ,
1066 4100 1263 4171 numu.

431 4192 792 4265 Eliuuinsministsr.
1071 4198 1279 4286 Tburkytsi.

429 4288 621 4359 wuhsm.
1068 4296 1254 4367 nurum.

429 4386 629 4457 AEiiuuins.
1068 4394 1159 4462 Vh.

430 4482 540 4569 Signi!
551 4536 562 4553 .

429 4578 574 4665 Wisigs.

431 4674 583 4745 witness
597 4728 607 4745 .

402 4838 758 4903 ‹sinsus-mess
918 4856 1499 4975 tutissimos-umqum
